2976 4784
714 304 762 384 67

220 506 308 584 novi
324 506 465 584 ordinis
482 507 764 608 promulgatos,
779 478 944 583 omnium
960 477 1207 585 reverentiam
1223 517 1262 586 et

219 631 392 708 fiduciam
409 632 654 708 concilibsset.
914 728 918 735 Ι

273 755 428 848 Quoties
446 783 531 832 eum
545 756 711 832 scelestis
729 764 787 832 est
804 757 1004 855 agendum,
1016 757 1137 832 omnis
1153 757 1262 833 liber-

230 887 290 954 tas
317 880 477 956 tollitur:
513 881 661 970 etenim,
690 882 754 980 qui
782 905 860 956 non
875 882 1113 980 persequitur
1129 883 1262 971 scelus,

220 1001 292 1078 boc
318 1012 499 1102 acceptat.
552 1003 624 1095 Qui
650 1007 789 1080 scelera
806 1030 1035 1103 quaecamque
1061 1007 1262 1095 condonat,

222 1127 360 1226 ipsese
378 1131 577 1204 scelestum
592 1131 747 1229 praebet.
800 1129 921 1221 Quod,
941 1130 1025 1206 cum
1043 1132 1089 1205 de
1106 1131 1262 1229 privatis

224 1252 275 1326 sit
290 1276 433 1341 verum,
447 1254 564 1327 multb
579 1254 701 1351 magis
719 1255 766 1328 de
783 1252 1016 1351 Principibus
1035 1260 1093 1328 est
1110 1255 1262 1328 creden·

223 1376 326 1450 dum.
378 1376 405 1451 J
404 1403 472 1453 ure
488 1377 637 1475 quidem
653 1378 811 1452 miretur
827 1377 910 1475 quis
928 1403 1022 1476 opus
1040 1402 1122 1453 esse
1138 1371 1260 1467 nobis,

221 1506 267 1573 ut
293 1501 384 1574 talia
410 1501 669 1599 proferentum
698 1503 765 1576 sed
791 1502 911 1601 magis
934 1510 992 1576 est
1017 1501 1262 1577 admiratione

226 1623 382 1721 dignum
399 1625 496 1721 qubd
515 1627 663 1723 prolata
678 1626 757 1699 haec
773 1625 924 1698 minime
940 1625 1210 1723 intelligentam.

271 1748 327 1820 At
358 1749 458 1836 verb,
492 1749 564 1823 hoc
598 1748 702 1823 Jurie
749 1746 952 1822 Christiani
988 1749 1115 1823 codiee
1149 1750 1263 1824 semel

227 1871 385 1960 sancito,
414 1870 507 1944 nihil
539 1871 623 1947 visu
657 1871 806 1969 dignius
841 1871 987 1968 concipi
1018 1878 1159 1969 potest,
1193 1895 1263 1945 nec

225 1995 404 2084 sanctius,
423 2019 535 2092 quam
550 2002 595 2068 ut
617 1995 666 2069 ad
684 1995 789 2068 illum
806 1996 1061 2091 acceptandum
1076 1985 1263 2070 Universa

222 2118 420 2195 conveniat
436 2118 616 2209 Ecclesia,
635 2127 747 2218 atque
766 2126 811 2193 ut
837 2121 885 2194 de
906 2118 1082 2195 universo
1100 2119 1261 2218 applica·

223 2243 338 2318 tionis
354 2244 466 2318 modo
484 2244 640 2319 collecta
656 2242 839 2343 sapientia
856 2244 1038 2318 consulat.

270 2368 387 2443 Porrb
404 2369 444 2441 in
459 2367 529 2444 hoo
553 2395 595 2443 re
618 2394 696 2443 non
712 2368 806 2440 nihil
824 2366 978 2466 periculi
994 2368 1103 2442 adest
1119 2368 1184 2443 ubi
1201 2395 1262 2445 ree

223 2493 369 2591 agenda
386 2493 437 2567 sit
452 2492 495 2566 in
509 2492 674 2567 Concilio
691 2518 738 2568 ex
756 2491 908 2568 Clericis
925 2493 1074 2566 tanthm
1087 2494 1262 2584 conflato,-

221 2617 285 2714 qui
306 2642 376 2692 nec
400 2617 441 2690 in
466 2615 769 2714 Jurisprudentis
792 2618 971 2715 polleant,
989 2641 1059 2691 nec
1084 2617 1124 2690 in
1139 2607 1262 2694 Meta-⁴

218 2739 372 2839 physici
388 2765 457 2815 nec
479 2740 520 2813 in
536 2741 774 2814 Publicanum
790 2740 931 2814 Rerum
948 2739 1122 2816 scientib:
1150 2751 1262 2840 atque

223 2864 266 2936 eb
291 2864 412 2960 magis
439 2864 527 2960 quia
553 2865 634 2961 jam
666 2889 745 2938 non
774 2864 946 2961 amplius,
974 2865 1070 2937 siout
1104 2866 1192 2938 olim
1220 2856 1262 2939 in

221 2987 345 3062 medio
370 3011 462 3074 aevo,
490 2987 610 3061 omnis
636 2986 741 3060 Juris
758 2987 842 3061 fons
867 2987 1051 3061 habeatur
1067 2985 1236 3063 Ecclesia
1247 3015 1259 3077 ;

222 3109 320 3206 quia,
338 3109 502 3206 inquam,
526 3109 606 3183 baec
635 3109 761 3184 omnia
788 3109 829 3182 in
858 3109 927 3184 hdo
956 3109 1054 3183 fiunt
1081 3116 1204 3198 aetate,
1222 3109 1263 3182 in

149 3315 152 3320 ,
222 3233 294 3332 qud
323 3241 363 3310 et
392 3233 598 3308 communis
626 3258 749 3308 sermo
778 3234 891 3306 fallax
924 3242 995 3321 est,
1027 3241 1066 3308 et
1095 3233 1262 3308 omnium

220 3357 390 3457 gentium
406 3357 570 3456 negotia,
588 3355 663 3432 sels
687 3355 847 3454 quddam
872 3355 1017 3433 occulti
1038 3363 1077 3432 et
1092 3356 1263 3458 mysterii

220 3481 341 3581 pleni,
360 3483 623 3557 obvolvrmtur.

272 3606 325 3681 Et
340 3608 382 3683 re
400 3607 549 3705 quidem
565 3605 665 3696 veri,
686 3605 822 3680 indohs
845 3603 1005 3703 egregiae
1028 3604 1111 3694 viri,
1128 3603 1264 3680 horum

221 3754 298 3805 non
314 3729 466 3806 omninb
481 3731 594 3806 rudes
611 3729 860 3829 negotiorum,
878 3730 950 3804 hoc
961 3729 1041 3826 jam
1056 3729 1264 3827 periculum

222 3853 521 3929 reformidtrunt.
574 3854 682 3929 Inter
699 3878 793 3953 quos
810 3853 969 3953 insignis
996 3855 1148 3951 quidam
1163 3853 1265 3928 hisce

222 3977 347 4052 verbis
382 3987 442 4053 est
474 4003 587 4054 usus:
626 3986 650 4020 “
664 3977 882 4066 Concilium,
917 3978 979 4052 vel
1018 3976 1264 4053 destructioni

85 4129 88 4134 ·
222 4100 413 4192 inserviet,
429 4102 490 4178 rel
506 4102 708 4180 remedio.’'
761 4103 894 4201 Neque
919 4101 1067 4176 aliunde
1091 4124 1202 4198 quam
1218 4123 1265 4174 ex
