2976 4784
696 278 750 365 16ὁ

204 473 385 561 rationali,
403 474 572 548 veritatis
589 475 770 564 habendae
784 502 795 564 3
823 501 869 549 ex
886 477 957 550 hoc
974 478 1073 551 enim
1090 478 1242 553 elaterio

203 599 328 682 caeteri
344 606 470 672 motus
488 599 669 696 originem
688 600 842 673 ducunt.
893 599 1087 674 Virtutum
1099 602 1241 677 unicui-
1275 673 1277 677 ,

202 748 273 820 que
291 748 401 798 suum
418 732 477 796 est
494 725 721 798 contrarium
738 725 870 799 vitium
885 751 894 811 ;
920 750 963 799 ac
980 725 1138 823 proinde
1154 727 1242 802 huic

202 848 385 932 desiderio
402 849 568 923 omnium
586 849 721 947 quippe
738 849 833 922 fonti
843 856 882 922 et
898 849 1034 947 origini
1044 850 1241 938 virtutum,

200 996 352 1045 necesse
366 981 424 1046 est
441 981 485 1045 ut
503 973 623 1046 omnis
635 974 722 1046 mali
739 974 823 1047 fons
841 982 1062 1072 opponatur.
1116 974 1241 1074 Oppo-

200 1095 304 1181 nitur
320 1096 447 1193 utique
475 1096 588 1169 timor
605 1097 679 1182 ille,
699 1122 772 1193 quo
790 1097 945 1170 timetur
960 1123 1008 1171 ne
1026 1097 1121 1172 forte
1138 1108 1241 1197 pate·

200 1219 267 1292 fiat
294 1244 398 1293 error
426 1220 681 1317 deprehensus
692 1247 703 1307 ;
730 1220 803 1307 vel,
823 1229 868 1293 ut
895 1221 976 1294 aliis
993 1222 1116 1296 verbis
1142 1231 1240 1309 utar,

201 1344 424 1419 desiderium
455 1345 653 1418 exhibendi
682 1369 722 1419 se
748 1345 885 1419 erroris
913 1355 1115 1444 expertem.
1169 1347 1242 1439 Qui

199 1469 287 1542 huic
315 1469 486 1567 indulget
517 1468 712 1555 desiderio,
741 1469 846 1541 illum
884 1465 1054 1556 ᾠίλαυτον
1079 1473 1240 1569 appella

200 1619 306 1667 mus:
335 1594 436 1691 quod
463 1594 527 1691 qui
554 1593 712 1666 audiunt
729 1593 911 1682 homines,
931 1595 1141 1668 conditione
1158 1619 1240 1669 ver·

201 1728 332 1791 santur
350 1719 516 1791 omnium
533 1716 714 1815 pessima:
738 1718 802 1790 illo
819 1726 945 1791 autem
963 1719 1071 1816 signo
1089 1719 1240 1817 dignos·

200 1842 308 1930 citur,
336 1868 421 1916 cum
449 1844 547 1940 aegre
570 1843 690 1915 fertur
716 1842 859 1940 proprii
886 1843 1022 1917 erroris
1048 1843 1238 1919 indicatio.

200 1967 436 2048 Conscientia
453 1993 587 2065 nempe
604 1967 697 2041 adeo
721 1968 958 2065 pervertitur,
977 1975 1021 2040 ut
1046 1994 1069 2041 a
1079 1959 1237 2065 justitie,

199 2093 260 2186 cui
272 2093 495 2166 adminiculo
513 2091 596 2167 esse
613 2093 736 2177 debet,
752 2092 962 2165 abhorreat.
1015 2090 1101 2166 Hoc
1110 2093 1240 2166 morbo

197 2218 346 2292 laborat
372 2226 548 2290 nostrum
577 2217 766 2302 saeculum,
784 2241 894 2312 quem
919 2215 1033 2289 rectis
1058 2216 1240 2314 inspicere

198 2343 375 2419 debemus
393 2340 521 2426 oculis,
541 2348 580 2413 et
595 2365 664 2437 pro
681 2365 770 2414 vero
796 2340 904 2414 hoste
929 2340 1065 2413 habere
1091 2339 1239 2438 quicum

199 2466 249 2539 sit
283 2465 549 2551 dimicandum,
585 2489 819 2560 quocumque
853 2463 1001 2536 demum
1036 2488 1077 2537 se
1112 2471 1240 2561 tegere

197 2588 289 2663 velit
315 2588 440 2684 pallio,
472 2597 599 2661 utrum
627 2613 673 2662 ex
701 2588 937 2685 opinionibus
966 2588 1012 2660 de
1038 2587 1237 2684 republica,

197 2740 246 2788 an
273 2713 465 2812 principiis
492 2713 772 2811 philosophicis,
791 2737 840 2785 an
859 2711 1062 2809 Religionis
1089 2712 1237 2785 simula

196 2838 311 2924 tione,
330 2846 519 2912 contexto.

182 2945 188 2955 ¹
246 2963 368 3038 Unius
396 2962 580 3036 occisione
606 2959 766 3059 patrata,
787 2983 916 3033 omnes
934 2959 1058 3033 animo
1076 2982 1236 3032 commo-

194 3088 285 3176 veri,
315 3099 422 3162 reum
448 3085 722 3184 indignabundi
748 3083 917 3180 vestigiis
951 3084 1138 3180 consequi,
1175 3083 1236 3156 de-

194 3213 435 3311 prehendere,
471 3212 643 3309 plectere.
699 3209 798 3284 Sunt
828 3208 964 3304 vigiliae
996 3186 1111 3293 urbis,
1148 3214 1237 3280 sunt

193 3313 444 3435 inquisitores,
458 3343 548 3408 sunt
559 3334 727 3431 judices:
756 3335 858 3406 hisce
875 3331 1057 3404 incumbit
1074 3330 1235 3403 officium

195 3469 234 3534 et
249 3483 385 3532 munus
402 3484 507 3532 reum
524 3457 782 3555 persequendi.
818 3456 949 3552 Neque
965 3455 1048 3552 ipse
1064 3455 1236 3528 nocentis

195 3583 321 3681 quieta
338 3591 397 3655 est
425 3581 661 3668 conscientia,
681 3582 771 3679 quin
798 3582 910 3654 rebus
938 3579 1112 3675 gerendis
1137 3580 1234 3652 iner-

194 3717 272 3782 tem
288 3708 436 3794 reddat,
454 3707 543 3803 quin
561 3708 698 3804 prodat
722 3707 937 3802 ubicunque
952 3712 1177 3791 versantem,
1195 3704 1235 3776 in

195 3830 306 3905 eausa
333 3831 488 3904 dicendt
520 3840 785 3929 prosequatur,
818 3829 972 3925 arripiat
1005 3829 1158 3900 tandem
1194 3827 1235 3899 in

195 3955 387 4054 supplici0,
406 3957 483 4031 sive
509 3958 549 4030 in
575 3959 707 4032 morbo
732 3963 912 4029 extremo.
963 3952 1018 4025 At
1040 3949 1170 4048 quidni
1193 3949 1234 4025 in

193 4080 391 4172 homicidio
419 4082 645 4179 multiplici?
696 4080 903 4177 Ignoratur
936 4075 1089 4162 scilicet,
1114 4073 1233 4149 homi-
