2976 4784
710 277 758 347 42

222 476 383 549 habebat
402 497 521 547 suum.
558 473 694 560 Hodie,
706 497 817 546 nona
834 471 991 546 catervis
1004 473 1259 561 barbarorum,

221 599 328 672 novis
347 598 447 695 agris
464 597 701 684 inhiantium,
724 597 843 670 oritur
855 621 979 670 rerum
997 597 1174 684 turbatim
1193 621 1262 672 nec

219 747 265 796 ex
281 723 467 795 victorum
484 721 586 795 fastu
602 722 811 819 triumphos
829 722 1082 795 ambientium.
1112 722 1259 797 Scelera

219 846 330 918 luunt
352 846 407 917 illi
433 871 501 943 per
528 870 620 943 quos
650 845 789 920 fuerint
817 847 1003 920 admissa:
1030 847 1110 945 ipse
1126 872 1260 944 nempe

219 969 431 1043 intellectus
461 969 687 1066 pervertitur
699 996 708 1056 ;
740 969 877 1042 infidus
905 969 949 1042 fit
979 995 1125 1057 sermo;
1156 970 1258 1044 hisce

221 1092 268 1165 de
294 1092 416 1167 causis
442 1091 558 1166 facilis
586 1119 632 1167 ex
656 1092 730 1165 una
755 1101 861 1190 parte
888 1093 958 1166 erit
975 1118 1100 1166 rerum
1117 1102 1259 1167 restau-

219 1215 329 1304 rati0,
354 1242 400 1290 ex
428 1215 499 1290 alia
524 1225 631 1314 parte
649 1217 875 1291 difficillima:
902 1217 1006 1291 facile
1025 1219 1172 1315 quidem
1190 1218 1260 1293 erit

181 1432 185 1446 Ι
219 1340 259 1411 id
275 1348 484 1414 restaurare
502 1341 602 1437 quod
626 1365 648 1413 a
673 1341 699 1413 J
700 1366 766 1414 ure
785 1341 957 1437 exigitur,
976 1342 1087 1415 modo
1105 1343 1259 1416 idoneus

220 1488 297 1536 non
315 1464 411 1536 desit
428 1464 611 1562 interpres
626 1491 636 1551 ;
656 1472 696 1538 at
711 1466 825 1538 talem
841 1465 1004 1561 reperire
1016 1465 1256 1561 interpretem

221 1595 280 1660 est
313 1586 557 1682 perdifficile;
595 1586 697 1661 ln'sce
730 1586 881 1684 inquam
915 1586 1157 1684 temporibus,
1193 1587 1259 1660 ubi

220 1711 344 1784 omnia
377 1711 418 1783 in
450 1713 556 1809 pejus
590 1720 758 1800 ruerunt,
790 1713 838 1785 ob
876 1711 1012 1785 falsum
1047 1736 1256 1786 sermonem

220 1834 332 1932 vulgo
350 1836 569 1925 adhibitum,
589 1844 803 1933 contempto
820 1860 923 1910 more
940 1861 1070 1910 verum
1088 1836 1246 1910 dicendi.

271 1957 363 2047 Quis
404 1961 557 2034 tandem
601 1960 647 2034 de
694 1961 857 2055 lapibus,
913 1958 973 2033 vel
1024 1959 1070 2030 de
1105 1956 1256 2032 Josotic

219 2082 417 2171 disserens,
449 2084 632 2171 audietur,
661 2084 726 2157 ubi
756 2085 801 2157 de
831 2083 1004 2179 Opinione
1030 2083 1191 2171 Publice,
1211 2085 1258 2158 de

223 2207 478 2294 Ciuilisotioue,
518 2208 564 2281 de
597 2208 805 2303 Proprossra
849 2208 894 2280 fit
936 2206 1057 2280 omnis
1102 2210 1256 2281 sermo?

221 2328 312 2420 Quae
331 2330 363 2403 si
382 2332 436 2403 ita
454 2355 493 2403 se
518 2331 693 2419 habeant,
715 2332 815 2405 unde
845 2332 985 2406 orietur
1006 2356 1083 2426 pau
1107 2332 1257 2406 homiui-

221 2455 283 2525 bus
302 2454 397 2524 boare
414 2451 640 2525 uoluutotis?

271 2576 391 2648 Istam
426 2576 574 2672 quidem
607 2577 783 2674 loquendi
823 2579 1007 2652 rationem
1035 2579 1114 2675 jam
1148 2587 1259 2654 antea

222 2696 399 2771 Summus
413 2698 587 2772 Pontifex
600 2700 876 2788 condemnavit3
897 2725 1025 2773 curam
1038 2709 1163 2774 autem
1177 2726 1258 2775 eam

221 2821 493 2919 perscrutandi,
513 2829 551 2894 et
569 2847 679 2920 quam
700 2823 822 2897 inanis
841 2848 885 2897 ea
901 2824 951 2896 sit
969 2824 1259 2913 demonstrandi,

131 3046 134 3051 ¹
219 2968 298 3017 non
333 2945 509 3043 suscepit.
576 2946 651 3020 Res
682 2972 748 3044 per
791 2948 999 3045 exemplum
1038 2947 1258 3022 illustretur.

220 3068 432 3143 Declaratio
459 3070 559 3143 edita
582 3069 627 3142 de
647 3094 739 3144 voce
759 3076 782 3109 “
794 3069 1061 3166 Progressus,''
1080 3078 1258 3169 tanquam

220 3192 322 3265 dictu
347 3193 497 3265 minime
522 3191 700 3289 legitima,
728 3193 885 3265 maxime
905 3193 1052 3288 juvabit
1072 3196 1258 3269 volentem

219 3316 396 3389 mandato
414 3305 556 3413 parere,
583 3317 718 3412 quippe
741 3341 850 3411 quem
868 3341 891 3388 a
906 3316 1132 3412 loquacitate
1149 3318 1261 3390 ratic·

218 3440 276 3512 nis
303 3438 463 3526 inimica,
490 3440 689 3536 pravisque
714 3440 827 3512 animi
851 3439 1052 3526 habitibus,
1083 3439 1259 3535 falsisque

219 3563 566 3637 ratiocinationibus
583 3563 757 3636 liberarit.

279 3683 351 3775 Qui
379 3693 505 3759 autem
534 3694 725 3760 recusaret
745 3686 850 3758 istud
870 3683 1102 3770 vocabulum,
1126 3685 1260 3757 solum-

219 3809 330 3882 modo
352 3811 453 3905 quod
469 3809 630 3884 vetitum
653 3809 714 3897 sit,
733 3809 910 3905 proferre,
930 3815 969 3880 et
990 3807 1100 3880 simul
1116 3809 1259 3883 vanita-

221 3939 298 4004 tem
332 3932 497 4028 ejusdem
540 3933 740 4028 ignoraret,
782 3930 844 4002 ille
885 3953 961 4002 non
1004 3930 1083 4004 sine
1127 3934 1263 4007 damno

222 4077 290 4128 suo
324 4055 395 4130 hoc
429 4055 555 4129 audiet
587 4052 831 4128 vocabulum:
858 4077 978 4149 neque
1005 4054 1085 4130 aliis
1113 4081 1262 4131 causam
