2976 4784
722 339 769 410 97

217 537 319 603 tasse
337 538 375 603 et
393 531 530 619 devoti,
544 533 644 606 idem
657 541 773 630 agant
786 533 869 607 acii
882 534 945 630 qui
964 541 988 574 “
1001 557 1129 609 omnes
1140 535 1260 634 Leges

220 652 454 750 abrogatas''
484 655 611 742 velint,
648 681 757 729 omne
793 655 1024 730 Gubernium
1059 657 1279 747 sublatum·

219 803 367 852 omnem
401 780 513 853 fidem
553 782 846 877 evulsam-qui
880 782 928 855 ad
961 807 1020 855 res
1055 784 1260 857 turbandae

220 902 391 976 laborant
405 930 415 990 ;
444 912 482 977 et
498 904 553 976 ita
571 929 610 978 se
628 904 749 979 facere
766 906 888 1002 palam
905 906 1141 1004 profitentur.

197 1059 199 1062 >
271 1027 387 1101 Hisce
405 1030 586 1101 accedunt
604 1029 666 1101 alii
689 1030 761 1102 alio
778 1029 923 1103 inducti
948 1031 1101 1118 metire,
1122 1031 1262 1105 scilicet

220 1159 264 1224 ut
280 1153 480 1227 nonnullos
505 1154 544 1225 in
570 1163 695 1252 partes
722 1180 809 1229 suas
834 1156 983 1229 trahere
1003 1157 1160 1253 possint.
1213 1155 1262 1228 In

219 1277 265 1349 iis
283 1302 364 1374 quae
386 1286 580 1375 geruntur,
600 1281 777 1353 Ecclesiae
796 1280 996 1355 Catholicae
1017 1280 1263 1355 destructioni

221 1401 378 1489 inhiant,
398 1410 436 1475 et
455 1427 519 1500 spe
538 1404 689 1476 adducti
705 1411 749 1475 ut
765 1397 949 1501 augeatur
965 1405 1262 1478 Protestantium

221 1551 410 1612 numerus,
438 1535 460 1565 ‘⁶
473 1527 668 1600 Unitatem
697 1526 853 1600 Italiae''
883 1537 922 1601 et
949 1528 1022 1625 ipsi
1048 1529 1261 1603 faventibus

220 1649 354 1721 tollent
367 1650 532 1722 vocibus.
585 1651 1018 1747 HincuniversaAnglia
1034 1653 1206 1749 plausum
1223 1662 1262 1724 et

222 1772 398 1844 auxilium
417 1774 575 1844 contulit
592 1773 816 1846 facinoribus
838 1775 923 1846 istis
943 1775 983 1846 in
1000 1774 1109 1847 Italia
1126 1774 1259 1871 gestis;

222 1896 311 1992 quin
329 1895 441 1968 etiam
458 1897 579 1968 virum
595 1898 701 1969 illum
728 1898 903 1971 salutavit
929 1899 993 1994 qui
1008 1900 1048 1970 in
1064 1898 1165 1970 hisce
1184 1921 1260 1970 om·

221 2022 331 2094 nibus
357 2046 426 2118 pro
443 2021 694 2094 instrumento
721 2029 779 2094 est
800 2020 1002 2108 adhibitus,
1021 2022 1107 2095 licet
1132 2022 1172 2093 in
1196 2021 1260 2093 illo

222 2171 350 2220 omnes
367 2147 623 2220 invenirentur
639 2145 882 2243 turpitudinis
904 2155 1015 2234 notae,
1035 2148 1083 2220 ob
1101 2170 1194 2243 quas
1214 2147 1261 2219 ab

222 2273 300 2368 ejus
319 2272 498 2345 societate
516 2296 644 2344 omnes
661 2271 810 2344 honesti
831 2279 1059 2345 avertantur.

270 2396 352 2470 Hae
367 2395 508 2470 statutt
522 2397 809 2493 conspiratione,
824 2396 886 2493 qui
897 2421 944 2470 ex
957 2396 1028 2468 alit
1040 2404 1130 2469 sunt
1140 2405 1259 2494 parte,

222 2522 433 2620 “loquendi
467 2500 741 2593 mutuabuntur
774 2522 927 2595 modum
954 2547 1000 2595 ex
1024 2520 1259 2595 hostibus.’'*

221 2646 481 2720 Terminorum
524 2647 700 2743 ambages
742 2649 940 2733 resolvere,
977 2647 1132 2720 consilia
1178 2671 1261 2745 per·

220 2772 294 2842 fida
331 2772 509 2856 revelare,
546 2771 682 2843 damna
720 2771 853 2843 exinde
889 2780 1134 2845 consecutura
1166 2771 1260 2842 indi·

222 2916 305 2964 care
346 2893 574 2979 omittentes,
614 2894 739 2990 ipsum
779 2895 960 2990 accipient
997 2895 1262 2980 terminum,—

222 3040 332 3111 quem
360 3016 424 3110 qui
452 3016 586 3111 accipit
616 3017 741 3089 omnia
768 3017 1002 3114 accipit-ad
1029 3019 1069 3091 id
1098 3017 1262 3090 animum

221 3146 410 3212 vertentes
428 3145 472 3210 ut
491 3146 514 3178 “
530 3138 748 3235 Temporale
766 3139 984 3212 Dominium
995 3139 1017 3170 ''
1039 3139 1259 3213 sustineant.

222 3263 321 3336 Hinc
349 3262 412 3359 qui
443 3262 656 3359 Temporali
681 3264 857 3337 Dominio
882 3263 1055 3337 fauturus
1083 3263 1259 3350 creditur,

219 3390 280 3462 ille
298 3388 425 3461 forsan
441 3387 481 3459 in
497 3387 666 3485 proximet
683 3389 874 3476 electione,
892 3389 961 3462 hee
979 3388 1057 3463 solt
1074 3389 1120 3461 de
1138 3387 1260 3475 causd,

220 3514 395 3588 Pontifex
412 3514 498 3600 fiet3
528 3513 617 3584 dum
634 3520 762 3585 tamen
789 3513 851 3587 ille
877 3513 958 3611 ipse
986 3514 1034 3585 ad
1063 3512 1134 3585 hoc
1151 3510 1263 3586 fuerit

221 3640 440 3735 designatus
457 3645 502 3710 ut
519 3663 604 3711 eum
623 3640 744 3711 solvat
764 3639 915 3724 nodum,
935 3662 1009 3734 quo
1027 3636 1263 3711 connectitur

220 3771 344 3835 totum
371 3762 549 3836 Ecclesiae
578 3769 753 3859 systema,
791 3786 970 3859 magnum
1001 3761 1090 3835 sane
1124 3769 1162 3835 et
1196 3760 1261 3833 ad·

220 3886 417 3960 miratione
444 3885 704 3983 dignissimum
716 3912 726 3971 ;
755 3886 856 3981 quod
889 3893 1028 3972 tamen,
1056 3885 1197 3959 ditione
1223 3892 1262 3957 et

287 4132 303 4163 ὕ
323 4131 425 4190 Verba
437 4138 508 4190 sunt
521 4133 660 4211 Episcopi
674 4134 897 4192 Aurelianensis
912 4133 1067 4193 Mechlinii
1081 4133 1190 4192 habits„

728 4262 753 4312 N
