2976 4784
730 316 804 386 104

240 516 394 588 adrem
424 514 705 587 conficiendam.
758 513 941 586 Attamen
970 521 1062 588 tuno
1085 517 1278 613 temporis,

243 640 414 712 omnibus
431 639 503 711 fuit
520 663 752 736 persuasum,
763 639 1010 712 universalem
1027 639 1192 714 futuram
1202 666 1284 715 esse

241 788 384 861 paoem.
422 761 612 859 Siquidem
630 763 845 860 putabatur,
866 763 1019 835 “Bellis
1036 764 1284 862 nonampliiis

242 888 321 960 fore
342 884 535 959 looum.”*
589 884 779 958 Confisum
806 894 864 958 est
890 886 1082 983 sapientiae
1106 888 1283 984 plurimo-

241 1037 347 1098 rum;
376 1036 496 1084 annus
514 1011 612 1084 enim
633 1012 730 1084 1848
748 1011 871 1085 adhue
889 1012 1037 1107 alonge
1057 1013 1197 1106 aberat.

292 1136 396 1209 Nihil
420 1136 460 1207 in
478 1134 579 1208 Orbe
605 1144 790 1208 terrarum
815 1137 941 1233 agitur
967 1138 1058 1232 quin
1075 1138 1282 1234 aliquando,

241 1261 432 1336 nonnullis
463 1260 593 1334 diebus
624 1270 748 1346 antea,
775 1261 835 1334 vel
861 1262 1052 1334 mensibus
1077 1262 1136 1335 vel
1163 1264 1283 1351 annis,

242 1387 452 1459 Russorum
499 1409 596 1457 unus
639 1393 678 1457 et
720 1385 825 1470 alter,
863 1386 1005 1458 Rerum
1047 1385 1284 1459 Publioarum

241 1511 364 1610 periti,
383 1511 432 1584 ad
454 1510 525 1582 hoo
553 1511 740 1607 agendum
767 1511 899 1583 modos
927 1511 1216 1597 constituerint;
1245 1520 1284 1584 et

242 1636 396 1710 effeetus
439 1635 642 1721 obtinetur,
695 1632 781 1730 quia
824 1635 930 1708 deest
973 1635 1036 1730 qui
1079 1636 1283 1708 contrarias

241 1769 367 1858 partes
385 1761 578 1832 sustineat.

291 1885 473 1959 Nonnulli
488 1885 628 1971 idiotae,
647 1883 782 1957 Russis
800 1885 949 1957 minime
959 1886 1140 1972 faventes,
1156 1885 1283 1958 multis

242 2011 470 2085 obstitenmt
486 2010 610 2094 rebus,
631 2009 827 2105 dequibus
854 2012 1046 2107 agebatur.
1109 2010 1285 2083 Plurimis

240 2137 346 2210 bellis
366 2135 605 2220 obstiterunt,
623 2134 742 2230 iisque
760 2134 917 2231 magnis.
958 2135 1052 2208 Haeo
1070 2135 1194 2207 omnia
1209 2134 1283 2206 for-

243 2261 353 2345 sitan,
366 2256 611 2356 imposterum
622 2257 815 2354 patefient,
828 2258 942 2332 immo
956 2259 1035 2354 jam
1052 2258 1168 2331 cuivis
1181 2265 1284 2354 pete·

241 2386 349 2470 bunt,
379 2382 443 2478 qui
468 2382 617 2477 quidem
642 2407 666 2452 1
684 2381 798 2452 studii
821 2382 948 2454 labore
970 2407 1047 2454 non
1073 2382 1282 2454 abhorreat.

232 2507 431 2603 ¹Quidquid
458 2507 518 2590 sit,
538 2504 691 2577 eatenus
709 2530 833 2578 rerum
852 2507 1081 2580 obstiterunt
1099 2507 1281 2592 decursui,

243 2641 286 2704 ut
306 2632 485 2704 Romanae
510 2629 662 2701 tandem
689 2629 867 2704 Ecclesiae
896 2632 1031 2728 agendi
1056 2632 1284 2727 relinquatur

241 2758 357 2830 locus.

292 2882 366 2956 Per
388 2881 587 2953 nonnullos
612 2906 730 2954 annos
747 2880 874 2953 forsan
893 2880 1041 2986 durabit
1060 2879 1283 2967 Concilium3

243 3009 309 3082 sed
335 3031 454 3080 annos
482 3007 630 3103 quales!
684 3007 747 3079 Ad
772 3006 912 3077 malum
938 3005 1038 3101 quod
1061 3005 1149 3077 oriri
1166 3005 1287 3102 possit

241 3133 545 3233 praeveniendum
571 3140 610 3204 et
636 3132 955 3230 supprimendum,
982 3130 1117 3204 sufficit
1139 3138 1182 3202 ut
1206 3155 1284 3203 mo-

241 3267 377 3334 neatur
392 3258 452 3332 vel
469 3282 566 3329 unus
585 3257 810 3330 auctoritate
828 3256 955 3328 fruens
973 3255 1071 3327 inter
1082 3256 1284 3328 Romanos.

242 3385 327 3457 Hoo
355 3381 639 3480 perfacillimum
668 3380 893 3476 judicamus
929 3379 1039 3451 modb
1074 3379 1156 3475 quis
1192 3379 1286 3452 sciat

242 3509 334 3605 quid
351 3514 453 3604 agat,
482 3515 520 3579 et
547 3507 656 3578 simul
681 3505 721 3576 in
744 3505 1006 3577 Ministrorum
1027 3503 1129 3576 aulas
1150 3503 1287 3575 hebeat

242 3657 445 3706 aceessum.
499 3631 618 3703 Falsis
649 3631 788 3703 etenim
818 3629 983 3704 consiliis
1010 3629 1050 3700 in
1068 3627 1286 3724 untqutque

243 3753 446 3851 Republicb
455 3754 649 3840 initis,iter
661 3780 770 3826 suum
782 3762 966 3827 secretum
977 3752 1285 3850 peragitRussia3

243 3904 325 3976 quae
361 3878 513 3951 consilia
545 3877 689 3951 fontem
719 3879 861 3950 ducunt
890 3878 949 3951 vel
984 3902 1029 3949 ex
1052 3877 1287 3950 illusionibus

243 4005 395 4102 sparsis
421 4005 555 4077 oblatis
580 4002 719 4101 perfide
746 4003 1024 4090 monitionibus,
1044 4002 1286 4076 mendacibus

594 4177 611 4214 ³
632 4175 734 4232 Verba
747 4179 818 4232 sunt
832 4173 931 4231 Millii
