2976 4784
695 304 766 375 112

204 532 375 607 videmus
394 555 526 605 cursus
543 529 699 627 peccati,
718 529 853 627 inopiae
871 531 1104 622 nummariae,
1122 541 1252 633 tyran·

205 659 316 748 nidis,
349 682 531 732 novarum
557 681 683 729 rerum
712 656 838 746 studii,
863 655 1083 747 Seditionis,
1114 659 1182 733 sed
1213 668 1253 734 et

206 782 429 882 Apostasiae.

257 909 329 981 Illo
380 907 496 1005 igitur
537 907 650 981 modo
693 907 815 1006 Leges
856 915 1069 981 restaurare
1111 909 1253 1007 poterit

208 1033 329 1108 Roma
344 1031 393 1130 (si
406 1041 533 1107 tamen
543 1032 799 1107 restaurandae
818 1029 909 1128 sint)
924 1058 934 1119 ;
961 1039 1005 1104 ut
1019 1030 1186 1129 singulos
1204 1033 1254 1106 ad

206 1157 433 1255 probitatem
449 1163 622 1246 revocet;
650 1165 694 1230 ut
720 1155 775 1230 ita
800 1181 869 1256 pro
887 1155 1029 1231 civibus
1048 1181 1088 1230 se
1105 1165 1252 1254 gerant,

208 1290 247 1358 et
280 1308 349 1382 pro
383 1282 563 1357 honestis.
625 1282 766 1357 Decem
794 1282 889 1380 justi
913 1279 1076 1355 Sodoma
1106 1306 1254 1382 serrare

207 1406 418 1506 potuissent
452 1414 491 1482 et
526 1406 786 1481 Gomorrham.
840 1407 1032 1504 Europam
1073 1413 1255 1505 poterunt

210 1525 338 1607 decem
349 1532 445 1631 justi
462 1533 617 1620 salvare,
637 1531 727 1604 dum
753 1532 909 1630 singulis
937 1532 1089 1605 obstent
1106 1532 1253 1606 actibus

209 1655 274 1754 qui
292 1656 584 1731 destructionem
605 1657 796 1732 invehant.
1158 1735 1167 1749 ,

259 1781 328 1854 Ille
346 1781 410 1879 qni
435 1782 482 1856 de
507 1782 599 1856 Jure
626 1781 804 1856 Gentium
833 1778 995 1879 scripsit,
1014 1787 1146 1855 auctor
1164 1779 1254 1854 sane

209 1907 346 2003 gravis,
364 1906 467 1980 hisce
484 1906 560 1980 fere
576 1905 701 1981 verbis
717 1907 883 1980 laborem
901 1906 1090 1979 concludit
1108 1930 1241 1980 suum:

262 2031 489 2105 “Inscribat
517 2030 597 2106 haec
631 2032 746 2119 Deus,
777 2029 841 2127 qui
875 2029 977 2104 solus
1011 2030 1082 2104 hoc
1111 2032 1252 2129 potest,

211 2157 423 2230 “cordibus
441 2181 570 2230 eorum
587 2180 746 2254 qnorum
758 2157 834 2229 Res
854 2154 1064 2229 Christiana
1082 2155 1122 2227 in
1138 2179 1255 2228 manu

211 2288 235 2321 “
250 2289 329 2369 ost3
358 2288 396 2355 et
413 2282 545 2355 iisdem
562 2289 728 2355 mentem
744 2279 872 2354 Divini
889 2277 1131 2376 Humanique
1147 2277 1173 2352 J
1175 2278 1253 2352 uris

211 2406 520 2502 “intelligentem
563 2404 655 2494 duit,
709 2428 865 2503 quaeque
918 2429 1063 2502 semper
1114 2403 1255 2502 cogitet

210 2529 384 2602 “lectam
402 2554 442 2603 se
459 2529 667 2602 ministram
686 2530 734 2602 ad
750 2529 935 2626 regendos
952 2527 1134 2616 homines,
1149 2527 1254 2600 ‘Deo

212 2661 236 2695 “
251 2652 483 2727 carissimum
501 2653 661 2728 animal'
676 2653 728 2699 '’*

261 2777 431 2868 (iromus,
455 2778 681 2854 acatholicus
708 2774 869 2877 quidem,
888 2777 978 2850 dum
994 2775 1112 2852 vitam
1129 2785 1254 2851 trans·

210 2904 288 3003 egit
313 2905 352 2978 in
384 2906 508 2980 studio
525 2906 623 2979 illius
641 2905 667 2980 J
670 2906 745 2980 uris
764 2903 910 2978 Publici
928 2904 1028 3000 quod
1044 2910 1136 2976 tuno
1158 2909 1254 2976 tem·

209 3029 311 3128 poris
346 3031 587 3106 obscuratum
622 3040 661 3105 et
689 3031 855 3104 dirutum
891 3030 1015 3101 fuerat
1049 3029 1096 3101 ob
1126 3025 1254 3102 simul·

208 3162 307 3229 tates
326 3164 363 3230 et
375 3157 480 3228 Bella
492 3155 696 3254 Religionis
715 3152 826 3230 causa
847 3159 1031 3250 suscepta,
1051 3176 1128 3225 non
1146 3152 1255 3227 secbs

207 3281 320 3353 corde
351 3279 463 3353 etiam
494 3279 641 3353 deditus
676 3288 757 3354 erat
786 3277 959 3351 sedandis
990 3271 1255 3350 controversiis

207 3402 441 3499 theologicis,
471 3411 515 3476 ut
545 3405 592 3478 ad
619 3430 735 3477 unum
761 3410 953 3478 revocaret
971 3399 1158 3475 Ecclesiae
1180 3400 1255 3475 dis-

210 3525 387 3612 sidentes,
413 3551 572 3621 quarum
597 3553 829 3626 unaquaeque
862 3526 1050 3600 Christum
1077 3549 1146 3623 pro
1184 3550 1256 3600 suo

209 3648 365 3742 agnovit
393 3648 534 3745 Capite.
588 3651 757 3741 (inorme,
791 3678 811 3726 e
841 3649 1140 3726 Protestantium
1168 3673 1256 3723 cum

210 3777 310 3844 esset
337 3794 505 3859 numero,
525 3799 617 3872 opus
644 3801 753 3849 suum
781 3776 967 3852 Lunovrco
990 3772 1103 3849 XIII.
1125 3772 1255 3848 Galliae

89 3885 91 3888 ’
208 3891 304 3988 Regi
349 3890 541 3969 Catholico
596 3898 807 3974 dedicavit:
866 3899 977 3977 simul
1017 3899 1141 3996 ipsum
1184 3883 1256 3972 sub

248 4085 265 4121 l
279 4085 453 4164 Ἄνθρωπος,
464 4088 494 4146 τὸ
507 4096 742 4168 περισπούδαστον
757 4099 831 4169 ζῶον
840 4104 876 4179 τῷ
891 4099 1031 4178 Θεῷ-8.
1042 4095 1065 4155 J
1066 4115 1090 4153 ο.
1102 4093 1253 4170 Ohrysost.

208 4177 302 4236 Serm.
319 4176 355 4233 de
369 4175 569 4256 Eleemosynt.
1077 4199 1079 4203 ’

67 4396 266 4464 Α
