2976 4784
743 320 789 393 22

248 530 478 621 quapropter
520 546 621 595 nunc
663 522 840 596 videntur
879 520 981 617 leges
1025 542 1134 592 omne
1176 518 1292 592 robur

248 646 429 720 amisisse.
485 645 579 720 cum
608 645 648 718 hi
679 647 813 742 quibus
849 643 1040 717 occidendi
1070 642 1291 738 furandique

248 795 385 843 munus
405 779 464 843 est
482 771 707 867 delegatum,
734 795 815 842 rem
840 794 863 841 a
889 793 929 841 se
954 768 1090 840 malam
1120 766 1292 863 praestari

248 919 325 967 non
351 894 566 991 intelligunt
580 922 590 982 ;
628 903 709 967 tum
737 895 812 967 vim
847 892 949 990 passi
978 917 1054 964 non
1082 891 1292 988 percipiunt

235 1019 321 1092 ‘sibi
338 1044 405 1115 pro
424 1019 637 1092 defensione
659 1019 769 1091 licere
792 1017 946 1089 meritas
970 1041 1100 1112 poenas
1124 1015 1289 1088 nocenti-

247 1144 319 1217 bus
333 1143 489 1218 inferre:
506 1151 545 1216 at
550 1144 653 1241 justo
672 1143 833 1240 quodam
846 1141 986 1238 judicio
1005 1141 1192 1226 obcaecati,
1205 1166 1290 1213 cum

248 1270 395 1367 possint
436 1269 556 1366 capite
602 1270 766 1367 plectere
808 1289 1057 1363 aggressores
1101 1273 1288 1352 recusant,

248 1393 362 1466 immo
375 1393 462 1465 verb
479 1393 535 1464 uti
548 1392 645 1466 bello
664 1399 808 1488 captos,
823 1414 891 1486 pro
903 1389 1058 1485 integris
1073 1398 1111 1462 et
1121 1389 1289 1462 honestis

248 1517 338 1590 viris
367 1517 557 1613 excipiunt
571 1543 581 1603 ;
610 1540 723 1588 sensu
748 1513 876 1609 utique
907 1513 1018 1609 Legis
1045 1512 1085 1585 in
1116 1513 1289 1586 cordibus

248 1640 414 1738 ipsorum
443 1639 545 1711 haud
579 1637 737 1736 amplius
770 1637 967 1710 insidente.
1023 1636 1129 1709 Sicut
1156 1638 1291 1733 injuria

247 1790 325 1838 non
355 1772 442 1836 actu
477 1763 722 1847 concluditur,
760 1761 825 1834 sed
859 1761 1073 1833 universam
1107 1762 1146 1832 in
1169 1785 1288 1858 genus

246 1888 451 1962 humanum
466 1887 757 1959 dominationem
767 1885 940 1971 molitur3
960 1884 1014 1956 ita
1027 1885 1291 1958 etinnocentia

228 2012 417 2087 'lacessita
442 2013 624 2109 supremis
652 2011 872 2107 quibusdam
898 2010 1066 2082 induitur
1083 2010 1287 2097 attributis,

246 2136 358 2210 modi)
377 2137 505 2211 officiis
525 2137 596 2209 sibi
613 2135 915 2209 incumbentibus
926 2135 1127 2230 fungatur3
1155 2160 1289 2233 nempe

246 2264 357 2336 modb
381 2261 729 2358 protestationibus,
756 2258 979 2344 resistentia,
1008 2259 1128 2355 poenis
1146 2269 1286 2332 utatur.

247 2385 331 2476 Quo
367 2409 480 2458 sensu
513 2384 672 2479 intelligi
715 2391 842 2479 potest
884 2384 976 2455 illud
1013 2383 1163 2456 effatum
1191 2385 1287 2481 juris

246 2509 429 2582 Romani:
478 2507 672 2579 “Justitia
705 2532 819 2603 penes
858 2506 1120 2595 laes0s‚’'-cui
1161 2517 1288 2582 tamen

245 2632 355 2705 hodie
372 2630 511 2727 passim
527 2639 768 2726 repugnatur.

296 2756 406 2831 Falso
422 2762 550 2828 tamen
576 2756 716 2829 diceret
734 2755 827 2852 quiS,
846 2756 1136 2853 unumquodque
1153 2757 1287 2829 horum

246 2880 473 2978 flagitiorum
502 2880 637 2952 ducere
666 2879 849 2975 originem
875 2906 921 2952 ex
951 2881 1079 2953 multis
1101 2883 1286 2978 variisque

244 3003 524 3079 incitationibus
544 3003 677 3100 quibus
704 3002 818 3076 animi
836 3029 947 3100 quam
965 3003 1286 3078 vehementissime
1312 3059 1313 3062 ,

245 3136 450 3224 urgentur:
490 3128 627 3224 duplex
661 3129 920 3200 tantummodi)
957 3153 1070 3202 causa
1103 3130 1287 3227 assignari

244 3260 392 3348 potest:
424 3251 480 3349 (1)
511 3252 620 3326 Cives
645 3252 912 3349 rempublicam
938 3253 1285 3327 administrantibus

243 3376 381 3448 temere
398 3376 510 3448 nimis
529 3377 809 3472 obtemperare:
834 3373 890 3473 (2)
906 3377 1043 3449 Poenas
1062 3404 1084 3450 a
1100 3377 1198 3450 laesis
1210 3378 1284 3450 exi-

244 3500 386 3594 gendas
405 3501 557 3595 prorsus
575 3500 790 3572 desiderari.

286 3622 428 3718 Campo
443 3625 724 3719 quemlustrare
735 3626 911 3698 debemus
923 3624 977 3698 ita
990 3625 1283 3726 circumscripto,

244 3755 379 3844 sponte
403 3771 485 3820 sese
509 3748 627 3820 menti
654 3748 780 3845 objicit
808 3748 855 3821 ad
882 3749 1099 3844 erigendum
1121 3752 1285 3825 animum

195 3962 197 3967 Ι
244 3878 333 3968 apta
367 3871 628 3944 consideratio.
681 3871 771 3962 Quae
805 3872 958 3945 tandem
986 3874 1079 3948 illa?
1131 3875 1285 3973 Negotii

242 3993 397 4091 hujusce
424 3994 653 4094 simplicitas.
705 3997 767 4068 Ad
790 4020 869 4068 rem
894 3996 1187 4095 intelligendam,
1206 4026 1284 4075 non

243 4116 388 4216 Legum
406 4119 531 4194 studio
549 4127 608 4194 est
625 4119 926 4208 incumbendum,
941 4147 1018 4195 non
1036 4123 1193 4213 Politiae,
1206 4150 1285 4198 non
