2976 4784
699 285 748 359 66

197 484 364 588 dicamus
392 484 438 558 de
460 507 564 558 more
598 481 672 559 isto
699 482 840 559 recenti
864 483 1002 558 bellum
1026 482 1239 575 inchoandi,

195 609 309 712 nullis
361 607 523 707 primum
576 607 752 683 adhibitis
808 605 1122 698 solemnitatibus,
1164 609 1238 684 alia

194 733 349 831 insuper
381 733 592 831 nuperrima
626 732 777 806 invecta
819 739 878 807 001
918 732 1161 821 consuetudo,
1191 741 1237 808 ut

194 856 296 930 nulle
321 857 545 931 necessitate
575 864 734 954 cogente
763 856 971 931 habeantur
1001 854 1236 954 congressus

195 981 452 1079 Legatorum:
493 981 652 1055 Foedera
694 980 808 1056 etiam
847 980 999 1054 ineundi
1036 1006 1119 1078 quae
1153 990 1236 1057 tum

194 1105 314 1179 iormt
351 1113 522 1204 peccant,
567 1113 650 1178 tum
686 1104 918 1178 substantid:
963 1125 1109 1180 necnon
1142 1105 1235 1181 Pro·

195 1231 333 1304 1000110
386 1229 615 1327 subrogandi
661 1228 862 1302 Foederum
912 1228 1022 1304 loco:
1076 1228 1233 1305 Foedera

194 1354 310 1427 semel
344 1352 439 1426 inita
473 1352 699 1450 spernendi;
734 1352 836 1428 hisce
863 1353 1035 1428 omnibus
1074 1353 1233 1452 denique

192 1501 332 1551 novum
359 1477 449 1573 quid
473 1476 647 1565 addendi,
676 1477 747 1549 sub
772 1476 1042 1552 Declarationis
1067 1477 1231 1568 nomine,

192 1601 297 1699 cujus
324 1600 477 1688 virtute,
510 1624 571 1674 res
599 1599 711 1674 etiam
735 1600 893 1674 internae
918 1601 1039 1675 omnis
1063 1602 1225 1700 Reipub-

190 1712 273 1798 licae
298 1724 435 1821 attingi
459 1732 619 1822 possunt
636 1732 676 1798 et
692 1724 914 1821 perturbari.
965 1725 1110 1822 Regula
1135 1727 1223 1825 ergt
1298 1724 1303 1732 ’

188 1849 348 1947 proponi
364 1849 487 1936 debet,
500 1849 611 1946 juxta
628 1872 749 1945 quam,
763 1848 804 1921 in
821 1848 993 1922 omnibus
1006 1849 1218 1947 hujusmodi

188 1972 363 2071 negotiis,
390 1973 479 2070 quid
505 1973 554 2046 sit
579 1973 784 2046 secundum
809 1972 942 2070 Leges,
970 1974 1104 2071 quidve
1129 1973 1223 2072 Legi

190 2099 420 2186 adversetur,
449 2095 668 2194 dignoscere
702 2096 849 2194 possint
884 2095 1086 2172 Catholici:
1124 2098 1225 2195 quod

189 2221 274 2294 cdrn
286 2220 342 2308 lit,
356 2220 535 2318 profecto,
550 2228 589 2293 01
599 2245 676 2293 non
693 2218 795 2307 alias,
810 2220 1032 2294 auctoritate
1042 2221 1222 2319 gaudebit

188 2344 396 2431 Possmnx3
428 2342 651 2416 auctoritate
680 2367 814 2439 nempe
833 2342 1027 2439 judiciarii
1055 2343 1095 2417 in
1113 2343 1222 2419 Oom-

187 2467 403 2553 munitates,
424 2464 578 2553 Gentes,
597 2473 636 2538 et
652 2465 755 2562 ipsos
773 2466 931 2564 denique
948 2467 1150 2564 Principes.

239 2590 326 2689 Ipse
356 2590 505 2687 quidem
531 2589 706 2663 Pontifex
732 2591 943 2689 nuperrime
968 2591 1146 2665 debuerat
1170 2591 1229 2665 sui

187 2715 421 2813 Pmacapatsls
465 2714 727 2791 auctoritatem
769 2740 940 2790 exercere
980 2713 1021 2788 in
1057 2713 1223 2790 latrones

187 2839 367 2936 quosdam
405 2838 527 2912 (100110
560 2839 714 2927 autera,
742 2839 805 2937 qui
833 2840 957 2938 ipsum
990 2839 1222 2929 Pontificem,

185 2988 272 3038 cum
298 2962 398 3060 agris
429 2963 505 3041 suis
533 2972 572 3036 01
602 2963 760 3036 subditis
790 2962 1018 3039 atrocissime
1047 2972 1137 3038 sunt
1161 2991 1226 3063 ag·

184 3087 329 3185 gressi:
369 3085 535 3184 neglexit
558 3093 685 3162 tamen
711 3087 823 3161 etiam
849 3087 889 3158 in
914 3111 982 3162 suo
1008 3087 1127 3186 ipsius
1143 3088 1237 3163 foro·

184 3211 231 3315 de
265 3211 409 3309 Legum
442 3210 684 3285 violatoribus
723 3236 854 3309 poenas
890 3235 1048 3299 sumere,
1086 3220 1130 3285 ut
1170 3213 1225 3285 ita

183 3336 474 3441 reprimerentur
503 3334 614 3425 meli3
650 3335 776 3409 debita
799 3335 1058 3410 innocentibus
1084 3335 1224 3433 praebe-

183 3467 288 3533 retur
320 3459 533 3558 protectio:
578 3484 647 3539 nec
684 3459 833 3536 aliunde
870 3453 971 3532 hunc
1011 3458 1223 3554 neglectum

185 3591 311 3660 ortum
336 3584 534 3672 credimus,
562 3581 671 3681 quiam
696 3608 743 3657 ex
768 3609 811 3658 eo
832 3584 931 3683 quod
950 3605 1011 3656 res
1028 3581 1073 3654 de
1090 3580 1224 3677 quibus

183 3708 339 3805 agimus,
353 3734 434 3783 non
446 3707 519 3781 nisi
536 3705 686 3782 confuse
699 3733 722 3780 a
734 3731 916 3804 quoquam
930 3712 1220 3802 cognoscuntur.

184 3830 393 3938 Sinautom
419 3857 463 3907 ea
487 3830 725 3934 praestitisset
748 3828 922 3903 Pontifex
946 3852 1029 3926 quae
1051 3829 1223 3926 neglecta

184 3964 284 4063 sunt,
302 3957 385 4057 ipso
411 3981 479 4032 suo
500 3957 598 4031 facto
615 3955 800 4028 Humanae
819 3952 1016 4028 Societatis
1038 3963 1224 4032 restaura·

182 4081 275 4188 tioni
292 4082 456 4189 dedisset
471 4079 643 4154 initium:
672 4077 762 4150 dum
775 4076 846 4151 sibi
857 4076 940 4176 ipsi,
954 4078 1065 4176 hujus
1084 4081 1225 4156 scilicet
