2976 4784
727 300 777 370 48

237 518 303 592 per
332 517 384 581 se,
410 494 524 566 modo
551 492 687 566 fortem
714 500 879 590 gestaret
905 495 1081 582 animum,
1110 496 1276 591 quolibet

236 617 414 714 temporis
430 623 633 703 momento,
649 617 742 690 satis
759 617 909 691 obstare
925 616 1113 716 potuisset
1124 646 1146 696 :¹
1160 618 1274 693 immo

236 741 349 814 etiam
366 740 476 814 hodie
493 742 641 814 obstare
658 749 799 838 posset.

285 864 547 950 Nihilominus,
591 871 637 936 ut
684 864 836 936 veritati
884 864 1142 953 inserviamus,
1184 865 1274 940 talia

235 988 414 1061 audentes
430 1012 505 1062 non
515 1013 584 1085 pro
595 988 832 1084 praedonibus
845 995 935 1061 sunt
949 989 1109 1062 habendi
1119 1012 1189 1062 nec
1205 1014 1274 1086 pro

234 1111 375 1207 piratis.
430 1111 483 1182 Hi
507 1111 645 1184 etenim
671 1110 810 1207 aliquid
833 1111 928 1184 lucri
954 1111 1024 1184 sibi
1040 1111 1273 1208 propositum

234 1233 401 1306 habent:
427 1233 632 1306 necessitas
659 1232 755 1305 forte
782 1240 896 1329 urget
920 1234 969 1306 ed
985 1235 1124 1306 seelera
1140 1232 1272 1308 admit-

234 1357 373 1442 tenda3
402 1364 584 1431 excusant
597 1381 715 1453 prava
740 1356 954 1442 consortia,
980 1356 1144 1454 periculo
1170 1366 1272 1432 certo

235 1502 316 1553 sese
333 1480 534 1576 objiciunt3
563 1480 720 1576 denique
737 1480 876 1553 conscii
902 1488 1069 1576 peceant.
1123 1479 1272 1570 Quanto

233 1602 448 1700 probrosius
466 1605 530 1676 ille
554 1603 724 1676 homines
749 1603 918 1676 trucidat
938 1604 1018 1676 sine
1039 1604 1179 1677 talibus
1192 1624 1271 1678 mo·

233 1727 333 1814 tivis,
353 1728 416 1823 qui
440 1727 552 1800 nullis
570 1726 781 1823 hujusmodi
806 1727 972 1822 subjacet
991 1727 1186 1815 illecebris,
1208 1729 1272 1824 qui

232 1854 404 1952 periculis
421 1856 534 1928 nullis
553 1854 734 1928 obnoxius
746 1861 816 1942 est,
829 1855 892 1951 qui
908 1855 1047 1927 nullam
1059 1851 1272 1952 hujusmodi

233 1978 381 2050 sceleris
399 1976 515 2051 habet
537 1977 801 2050 conscientiam
813 2003 823 2064 ;
852 1977 915 2074 qui
940 1979 1091 2050 tandem
1107 1978 1271 2052 intellec-

232 2100 324 2172 tuali
350 2101 521 2173 subditur
545 2100 838 2196 perturbationi:
867 2100 938 2198 qua
963 2101 1145 2174 crudelior
1169 2103 1273 2175 nulla

231 2223 423 2297 hominum
452 2223 565 2296 corda
592 2249 723 2320 regere
748 2232 885 2321 potest,
912 2250 982 2298 nec
1011 2224 1058 2299 de
1087 2225 1169 2320 qud·
1185 2228 1271 2300 edo-

231 2347 366 2420 manda
399 2347 521 2421 minor
555 2370 640 2444 spes
675 2349 973 2445 eluceatz-quae
1008 2350 1155 2446 quidem
1189 2370 1271 2447 per·

230 2471 396 2543 turbatio
427 2493 472 2543 eo
498 2470 606 2544 vilior
634 2472 794 2558 videtur,
821 2480 859 2545 et
889 2497 932 2544 eo
960 2473 1140 2546 minorem
1168 2494 1270 2570 spem

230 2594 464 2690 praebetque
476 2618 516 2666 se
529 2594 707 2667 sanctiori
719 2601 797 2691 prae
807 2620 847 2668 se
859 2594 933 2668 fert
944 2597 1070 2693 urgeri
1081 2606 1269 2672 momento

230 2720 290 2790 vel
303 2717 483 2789 nobiliori.
520 2716 611 2807 Quae
627 2718 667 2790 in
681 2720 791 2793 corde
804 2729 1011 2793 nascuntur
1021 2721 1212 2818 passiones
1223 2721 1268 2795 iis

231 2848 319 2914 sunt
338 2839 475 2914 similes
493 2841 626 2938 quibus
653 2842 838 2916 excitatur
849 2845 1062 2941 jumentum
1080 2846 1266 2941 quoddam

229 2964 289 3038 vel
308 2964 430 3038 bellua
441 2990 452 3051 ;
485 2989 567 3062 quae
585 2967 684 3054 sane,
705 2967 794 3039 dum
811 2968 845 3040 ei
870 2968 961 3042 satis
987 2968 1098 3042 fuerit
1115 2966 1267 3055 factum,
1364 2979 1368 2985 '

230 3090 397 3184 quiescit.
460 3088 553 3180 Quae
584 3091 624 3162 in
652 3091 841 3166 intellectu
876 3093 1002 3166 sedem
1035 3093 1175 3166 habent
1200 3093 1268 3165 hu·

228 3238 359 3301 manae,
376 3222 465 3288 sunt
481 3215 553 3288 illae
567 3215 727 3312 quidem,
742 3217 834 3289 adeb
843 3223 887 3287 ut
898 3217 1067 3291 servituti
1080 3216 1268 3290 Daemonis

230 3339 446 3435 subjiciatur
471 3338 595 3436 imago
623 3340 703 3413 Dei.
757 3338 848 3430 Quae
882 3340 914 3414 si
946 3341 1184 3437 proruperint
1210 3340 1270 3412 vel

228 3460 349 3557 ipsum
384 3461 595 3535 carnificem
634 3462 807 3535 territum
840 3463 1034 3537 videmusl
1102 3461 1268 3549 Quodsi

227 3581 327 3655 idern
344 3583 463 3656 fatum
488 3585 590 3656 nacti
614 3585 774 3658 fluissent
795 3585 822 3656 ii
840 3607 932 3680 quos
955 3607 1052 3656 anno
1071 3584 1168 3654 1862
1186 3582 1268 3654 Rex

230 3703 409 3780 Sardiniae
423 3708 607 3780 conduxit
615 3709 790 3794 latrones,
806 3731 878 3803 quo
893 3706 1058 3802 oppressi
1067 3706 1267 3802 jacuerunt

228 3855 326 3903 anno
347 3834 442 3904 1602
469 3833 588 3907 Ducis
614 3832 809 3907 Sabaudiae
834 3830 1074 3904 mercenarii:
1104 3830 1135 3903 si
1151 3831 1211 3904 vel
1227 3828 1268 3903 in

226 3954 299 4026 und
333 3957 482 4031 civitate
517 3957 660 4043 Siciliae,
696 3976 818 4052 nuper
848 3953 992 4026 inventi
1025 3953 1184 4028 fuissent
1212 3956 1267 4028 ita

227 4079 370 4153 cordati
387 4082 555 4155 homines
580 4079 712 4174 quales
733 4084 824 4150 tunc
849 4075 1020 4167 Genevae,
1038 4082 1266 4177 parcendum
