2976 4784
853 288 900 361 74

353 494 438 560 acta
460 512 506 559 ex
522 487 631 582 jussu
650 485 852 573 Gubernii3
890 492 930 558 at
955 484 1039 558 ille:
1070 484 1230 573 “Noli,”
1258 486 1391 583 inquit,

353 618 475 685 “voce
488 609 699 685 ‘Gubernii'
717 636 841 685 coram
852 636 912 683 me
925 610 998 698 uti;
1019 635 1129 684 sensu
1141 610 1278 684 etenim
1290 620 1392 685 caret

349 734 424 807 ista
438 760 524 808 vox,
579 734 619 808 si
638 736 786 832 quidem
804 760 886 831 quae
897 736 1004 831 jussa
1021 741 1110 807 sunt
1120 735 1225 831 justa
1238 745 1356 824 erant,
1370 761 1392 808 a
1445 798 1451 807 .

351 858 444 931 Jure
452 859 639 954 justitiam
652 868 893 955 acceperunt3
912 883 1031 954 neque
1046 883 1127 954 quae
1140 858 1278 953 injusta
1289 866 1389 946 sunt,

351 1007 571 1079 quocunque
581 983 769 1079 profluant
780 1009 826 1056 ex
836 983 951 1069 fonte,
961 983 1066 1077 justa
1075 983 1181 1054 reddi
1192 981 1387 1078 possunt.''

404 1105 579 1179 Similiter
604 1114 643 1180 et
671 1108 703 1179 si
730 1108 812 1204 quis
840 1115 971 1183 contra
995 1105 1151 1178 militem
1178 1107 1389 1202 quemlibet,

350 1231 411 1303 vel
439 1256 484 1302 ox
511 1231 766 1328 gregariorum
792 1254 959 1316 numer0,
977 1231 1037 1303 vel
1055 1255 1100 1302 ex
1117 1230 1388 1326 praefectorum,

349 1353 455 1424 litem
482 1354 706 1427 intendisset
734 1355 780 1427 de
798 1354 980 1427 occisione
1010 1352 1231 1440 Sinensium,
1244 1354 1389 1450 judices

349 1479 546 1575 capitalem
558 1478 781 1552 sententiam
795 1479 841 1550 de
855 1502 898 1550 eo
916 1478 1032 1549 milite
1049 1477 1144 1549 ferre
1162 1477 1387 1551 debuissent.

351 1600 472 1698 Leges
489 1603 581 1699 ipsae
606 1629 683 1676 non
708 1603 867 1676 desunt:
897 1603 1033 1674 desunt
1056 1601 1120 1696 qui
1137 1600 1257 1698 Leges
1275 1603 1388 1699 appli-

351 1750 435 1799 care
460 1727 587 1800 velint.

401 1853 541 1926 Verum
560 1861 630 1940 est,
641 1854 721 1925 haec
737 1851 910 1950 praesidia
923 1849 1263 1924 Communitatibus
1272 1851 1390 1925 vitam

351 1985 389 2050 et
405 1978 658 2051 innocentiam
675 1986 807 2050 contra
831 1962 1013 2048 humanas
1030 1976 1222 2072 passiones
1241 2001 1388 2050 servan-

350 2101 414 2187 tia,
434 2126 516 2197 quae
534 2101 580 2173 ab
609 2100 770 2196 antiquis
796 2101 1027 2196 temporibus
1056 2101 1156 2196 apud
1174 2100 1315 2172 Turoas
1342 2102 1390 2172 ad

348 2231 517 2295 nostram
541 2222 787 2295 eruditionem
812 2231 1084 2310 remanserunt,
1108 2224 1187 2319 jam
1216 2224 1388 2297 deflores-

349 2370 431 2418 cere
450 2346 618 2442 coepisse,
639 2346 867 2441 Legatorum
881 2347 975 2418 dolis
995 2372 1185 2444 oppressa,
1203 2348 1390 2446 pravdque

349 2468 616 2566 Europaeorum
650 2469 832 2541 sentiendi
865 2470 1020 2543 ratione.
1089 2472 1144 2543 At
1182 2496 1259 2544 non
1291 2473 1390 2544 inter

348 2592 489 2664 Turcas
508 2593 605 2664 sicut
629 2593 669 2665 in
695 2593 843 2689 Europal
868 2594 954 2665 talis
981 2594 1156 2669 cohibitio
1174 2620 1271 2668 nova
1287 2595 1387 2668 vide-

343 2723 433 2803 tur3
460 2742 529 2790 neo
556 2742 779 2813 quemquam
806 2717 971 2790 offendit.
1024 2718 1161 2793 Adhuc
1188 2719 1386 2816 rempubli-

347 2865 428 2913 cam
454 2848 592 2937 gerunt
616 2840 896 2928 Mahumetani3
926 2842 1063 2913 sentire
1084 2852 1256 2939 possunt,
1274 2843 1387 2915 immo

347 2967 526 3052 sentiunt,
540 2965 722 3063 quantirm
740 2991 786 3038 ex
802 2966 847 3038 iis
862 2991 953 3062 quas
970 2966 1080 3039 inviti
1096 2966 1265 3041 fecerunt
1280 2993 1387 3040 usur-

345 3092 557 3188 pationibus
576 3100 754 3189 sequatur
765 3092 910 3188 injuriae
925 3119 935 3178 ;
961 3118 1082 3188 neque
1099 3093 1276 3188 ignorant
1292 3094 1387 3192 peri-

346 3216 469 3288 culum
488 3217 588 3312 quod
616 3215 687 3288 sibi
714 3241 761 3288 ex
791 3216 975 3312 Europaeo
1002 3216 1147 3312 Legum
1170 3224 1388 3311 contemptu

346 3340 435 3413 oriri
452 3339 582 3436 possit.
635 3338 816 3411 Dubitare
841 3339 957 3434 igitur
974 3365 1083 3412 nemo
1101 3347 1226 3436 potest
1245 3339 1385 3410 Turcas
1407 3381 1409 3386 -

347 3487 433 3536 cum
450 3463 586 3558 gaudio
610 3470 828 3560 accepturos
847 3488 929 3559 quae
946 3462 1122 3535 Pontifex
1137 3457 1384 3557 proposuerit,

346 3586 465 3682 iisque
500 3588 745 3682 quodcunque
779 3587 970 3682 potuerint
1008 3585 1184 3658 auxilium
1217 3582 1383 3668 laturos;

347 3734 468 3805 neque
484 3711 571 3782 verb
588 3709 718 3806 parum
735 3709 803 3781 hac
827 3710 867 3781 in
892 3735 933 3782 re
950 3716 1076 3781 essent
1092 3705 1266 3780 valituri:
1297 3705 1385 3801 quin

346 3833 458 3917 etiam
489 3833 568 3905 fieri
595 3842 721 3929 potest
749 3841 794 3905 ut
822 3858 890 3930 per
923 3832 1004 3903 haec
1038 3830 1312 3902 adducerentur
1338 3831 1386 3902 ad

344 3955 524 4052 pristinos
558 3981 680 4029 mores
728 3953 940 4027 salutariter
980 3952 1221 4040 revocandos,
1258 3962 1296 4026 et
1339 3954 1387 4025 ad

344 4079 469 4153 debita
502 4105 587 4153 cum
620 4076 828 4154 reverentia
862 4077 1170 4151 considerandum
1203 4077 1387 4176 principia
