2976 4784
709 323 779 394 111

223 548 333 598 omne
359 523 459 622 quod
479 521 662 621 exigimus
689 524 822 597 darent
848 523 961 596 etiam
984 524 1096 599 hodie
1118 525 1265 623 judices

222 649 348 747 Angli,
368 650 478 723 modb
495 674 556 723 res
575 647 695 722 debite
714 649 763 722 ad
778 648 882 747 ipsos
900 648 1036 723 deferri
1053 658 1193 747 posset.

273 775 477 850 Civitatum
494 775 646 872 negotia
663 800 731 872 per
745 799 784 848 se
798 781 888 847 sunt
900 773 1057 847 maximd
1073 774 1265 873 simplicia,

221 900 308 973 licet
324 900 451 997 prouti
463 901 542 996 jam
552 923 613 973 res
625 906 802 997 aguntur,
818 898 1031 972 difficillima
1040 899 1240 973 videantur
1254 926 1264 986 ;

221 1021 524 1097 Moderatoribus
538 1022 663 1096 omnia
676 1023 818 1097 secretb
836 1030 873 1096 et
891 1021 983 1096 malt
1001 1024 1264 1113 tractantibus,
1370 1085 1372 1087 .

223 1146 313 1218 dum
332 1148 587 1222 confusionem
604 1156 746 1245 augent
763 1148 1266 1246 argumentaDeputatorum

223 1277 261 1344 et
278 1271 568 1376 Ephemeridum
587 1272 853 1347 commentaria
867 1299 876 1360 ;
904 1272 985 1346 haec
1002 1280 1128 1346 tamen
1142 1273 1266 1347 omnia

221 1421 290 1470 nec
307 1397 603 1496 difficilianeque
614 1399 789 1496 ambigua
799 1397 1047 1488 invenientur,
1062 1397 1172 1474 modd
1189 1422 1267 1474 non

222 1518 319 1592 desit
337 1520 362 1593 J
363 1521 441 1594 uris
460 1521 625 1618 cognitio
643 1522 830 1620 animique
848 1522 999 1597 candor.

273 1640 534 1731 Quamobrem,
569 1645 644 1717 nisi
681 1645 768 1717 huic
801 1670 927 1718 rerum
961 1646 1086 1720 cursui
1120 1646 1267 1720 frenum

220 1764 446 1862 imponatur,
480 1765 620 1840 Gentes
648 1765 869 1840 Christianae
895 1775 982 1865 post
1007 1760 1163 1865 longum
1185 1771 1266 1866 jur·
1359 1835 1364 1844 .

221 1890 369 1988 giorum
386 1899 424 1965 et
448 1890 713 1967 internecionis
739 1892 948 1980 decursum,
967 1894 1266 1968 necessaribsub

221 2016 367 2091 Russiae
385 2017 602 2115 Imperium,
621 2043 743 2115 neque
758 2018 954 2106 immeriti),
972 2019 1204 2117 redigentur.

272 2142 365 2232 Quae
395 2169 481 2217 cum
510 2141 548 2231 ii,
569 2143 703 2240 quibus
727 2143 823 2218 visio
850 2168 927 2217 non
950 2144 1066 2231 deest,
1085 2166 1265 2241 persuasa

220 2265 395 2356 habeant,
431 2266 556 2341 fervor
589 2267 757 2365 ipsorum
789 2276 948 2365 augetur
985 2274 1024 2341 et
1056 2267 1265 2355 iudustria3

222 2391 368 2488 quoties
385 2389 475 2467 verb
496 2390 703 2490 periculum
729 2391 867 2480 adstat,
895 2390 1013 2466 fatum
1036 2390 1267 2466 exercituum

221 2523 259 2589 et
277 2513 466 2605 Gentium,
485 2515 600 2590 immo
626 2525 665 2591 et
692 2516 925 2605 saeculorum,
950 2541 973 2590 a
998 2515 1154 2615 singulis
1175 2540 1266 2614 pen·

220 2640 307 2714 deat
341 2666 494 2717 necesse
529 2649 598 2716 est.
668 2640 801 2739 Neque
836 2641 944 2714 multi
978 2641 1169 2718 faciendus
1208 2650 1267 2717 est

222 2772 343 2839 status
363 2767 533 2864 ipsorum
559 2775 598 2840 11
623 2766 792 2853 indoles3
819 2765 859 2839 id
879 2766 1010 2841 vident
1034 2768 1135 2864 quod
1151 2766 1267 2842 ceteri

220 2912 298 2960 non
314 2889 456 2975 vident,
475 2897 514 2961 et
527 2888 598 2962 hoc
617 2889 763 2962 sufficit.

272 3008 345 3099 Qui
361 3011 490 3084 hostes
509 3010 588 3084 sine
600 3009 704 3107 justt
721 3008 830 3084 causa
849 3008 1046 3107 debitoque
1063 3020 1265 3109 praecepto,

220 3133 260 3207 in
273 3135 352 3208 acie
368 3133 585 3233 prosternit,
604 3132 685 3231 ipse
702 3158 770 3232 pro
788 3132 975 3207 homicidd
986 3134 1070 3231 jure
1083 3135 1264 3224 habetur;

221 3262 322 3356 quod
348 3283 458 3349 nemo
493 3257 554 3333 cui
586 3282 647 3332 res
681 3264 917 3357 proponatur
942 3257 1100 3333 inficiari
1126 3266 1264 3358 potest.

220 3386 375 3460 Finibus
400 3383 517 3482 igitur
541 3383 753 3482 perexiguis
781 3383 1085 3458 circumcluditur
1109 3384 1266 3482 quaestio

220 3512 266 3586 de
281 3510 352 3608 qud
357 3510 437 3608 jam
447 3509 624 3583 Ecclesiae
637 3517 696 3583 est
709 3509 912 3607 agendum3
932 3508 1120 3584 declarare
1132 3535 1266 3608 nempe

220 3638 343 3726 debet,
363 3636 601 3709 Hoummum
617 3655 769 3709 rnoonuo
787 3655 860 3707 uon
878 3655 1025 3708 omnus.

270 3760 419 3834 Etenim
439 3760 486 3832 ab
509 3759 580 3832 hac
603 3758 810 3856 quaestione
835 3758 928 3832 satis
952 3759 1121 3856 simplici,
1142 3759 1268 3834 omnia

220 3909 303 3983 quae
337 3908 452 3981 supra
486 3889 630 3957 statuta
661 3890 762 3970 sunt,
800 3884 967 3980 pendent
998 3885 1263 3959 consectaria:

218 4007 305 4081 hinc
331 4014 574 4105 acceptantur
605 4031 734 4081 omnes
769 4032 891 4081 causae
923 4032 1005 4105 quae
1032 4032 1267 4082 communem

218 4131 370 4229 pariunt
387 4131 666 4229 ¹dejectionem
697 4131 801 4206 illinc
831 4132 1037 4228 abrogatur
1064 4133 1126 4206 ille
1154 4154 1264 4228 quem
