2976 4784
723 278 772 350 80

223 475 437 549 fiduciarib:
465 475 576 572 quod,
589 473 664 546 nisi
679 497 721 546 re
737 474 878 548 suetum
892 473 1077 547 vidissent
1093 471 1264 546 homines

222 625 414 697 nunquam
431 599 598 672 futurum
622 597 754 671 meritb
778 597 1027 694 cogitdssent3
1053 597 1156 683 dum,
1175 621 1263 669 con·

223 723 419 796 suetudine
430 723 618 809 obcaecati,
632 724 813 818 quanthm
827 723 960 795 sithoc
971 720 1107 794 arectt
1118 720 1264 793 ratione

223 847 440 932 abhorrens,
455 856 646 943 nequeunt
663 847 798 921 videre.

272 971 353 1043 Nec
381 979 506 1044 tamen
534 972 580 1043 de
606 970 678 1044 hoc
702 969 866 1067 Collegio
896 969 997 1043 credi
1023 969 1135 1040 debet
1156 967 1264 1064 quasi

222 1093 563 1190 imperfectionibus
608 1093 781 1166 humanis
827 1093 996 1189 superihs
1037 1091 1260 1164 haberetur:

222 1241 333 1289 nemo
351 1242 415 1291 eos
432 1227 585 1315 peccato
604 1243 730 1291 carere
747 1218 877 1304 credit,
894 1240 1005 1289 nemo
1022 1215 1113 1312 ipsis
1130 1214 1265 1287 tribuit

224 1339 466 1435 sapientiam:
508 1341 685 1437 quidquid
712 1348 831 1436 agunt
863 1364 930 1436 pro
959 1339 1063 1435 justo
1090 1338 1261 1424 habetur,

223 1463 324 1559 quod
350 1465 480 1539 dicunt
508 1490 577 1561 pro
600 1490 689 1539 vero
716 1489 793 1537 non
820 1465 991 1537 habetur.
1043 1462 1262 1535 Muneribus

112 1581 117 1589 ’
221 1588 301 1661 suis
330 1588 534 1661 identidem
559 1589 641 1662 ideb
669 1590 864 1687 privantur
892 1588 980 1685 quia
1008 1595 1264 1684 contemptum

221 1713 409 1785 moverint
438 1714 497 1786 vel
523 1713 775 1811 vituperium
820 1721 858 1787 et
893 1713 1013 1810 quivis
1041 1737 1170 1785 eorum
1199 1712 1264 1808 qui

222 1835 318 1909 forte
335 1838 506 1910 sonulam
528 1838 710 1934 arriperet
733 1838 902 1922 alienam,
920 1837 981 1910 vel
998 1836 1115 1910 civem
1132 1835 1265 1909 leviter

223 1969 446 2056 percuteret,
465 1961 545 2056 ipse
571 1987 594 2034 a
619 1962 755 2058 vigiliis
780 1961 885 2036 urbis
912 1961 1039 2033 statim
1057 1960 1262 2056 apprehen·

223 2083 387 2158 deretur.
439 2085 557 2158 Hisce
582 2094 709 2158 tamen
726 2111 804 2159 non
820 2085 1069 2170 obstantibus,
1088 2084 1265 2158 inventus

220 2206 320 2280 inter
338 2208 442 2306 ipsos
468 2235 567 2282 unus
597 2210 759 2306 quidam,
787 2210 853 2305 qui
879 2209 980 2281 nullo
1003 2208 1264 2304 interpellante

220 2332 281 2404 vel
297 2341 549 2429 oppugnante,
576 2333 753 2430 plurimas
783 2333 975 2406 hominum
1003 2332 1188 2430 myriadas
1215 2332 1264 2405 ad

222 2478 351 2526 necem
370 2455 518 2527 mittere
544 2463 682 2551 potest,
702 2463 741 2527 et
766 2456 886 2528 facere
902 2463 947 2528 ut
963 2479 1030 2551 per
1046 2454 1264 2551 publicanos

222 2574 435 2649 hominibus
469 2577 672 2651 innumeris
714 2580 858 2651 nummi
900 2579 1136 2676 arripiantur,
1180 2585 1263 2650 tum

220 2697 322 2769 inter
340 2699 397 2770 sui
415 2699 529 2796 Regis
548 2701 729 2787 subditos,
749 2710 831 2774 turn
847 2705 946 2775 inter
963 2700 1223 2798 alienigenas*

272 2820 346 2894 Per
374 2824 488 2896 hosce
530 2825 606 2898 fere
639 2825 797 2922 triginta
830 2851 961 2912 annos,
995 2825 1164 2898 nonnulli
1197 2850 1264 2921 per

221 2946 414 3042 Europam
431 2949 553 3044 sparsi
578 2950 805 3023 exstiterunt
829 2949 901 3023 viri
923 2950 987 3046 qui
1010 2974 1085 3021 uno
1104 2949 1262 3022 forsitan

222 3078 261 3143 et
278 3071 395 3144 altero
413 3081 554 3169 puncto
572 3075 751 3171 temporis
774 3085 973 3148 senserunt
997 3075 1136 3148 bellum
1160 3074 1263 3153 illici·

222 3201 307 3291 turn
322 3196 473 3268 nonnisi
495 3197 736 3272 homicidium
760 3223 866 3284 esse3
896 3199 961 3271 sed
985 3224 1034 3271 ne
1059 3224 1157 3271 unus
1185 3199 1262 3295 qui·

222 3320 307 3392 dem
325 3321 491 3394 omnium
516 3325 684 3420 percepit
708 3324 813 3396 nasci
837 3324 939 3396 illam
962 3349 1072 3419 quam
1090 3324 1263 3397 continue

220 3444 390 3517 videmus
408 3446 700 3521 internecionem
727 3456 765 3520 et
790 3448 994 3521 tumultum
1016 3473 1065 3520 ex
1080 3448 1143 3520 illo
1160 3445 1261 3542 prin-

221 3566 316 3662 cipio
345 3568 391 3639 de
418 3592 495 3640 non
512 3571 711 3666 puniendis
740 3571 937 3644 Ministris.
990 3570 1100 3659 Quod
1118 3569 1149 3640 si
1165 3566 1262 3639 forte

261 3781 277 3812 ⁴*
298 3781 346 3837 Ex
374 3801 433 3857 quo
454 3790 587 3861 tempore
607 3786 678 3859 haec,
704 3788 740 3844 de
768 3787 875 3862 quibus
902 3784 1078 3860 scripsimus,
1108 3783 1263 3841 exordium

220 3871 386 3943 habuerint,
403 3875 559 3951 triplicatae
573 3878 695 3935 fuerunt
713 3877 747 3934 in
761 3876 879 3952 Europd
892 3876 1034 3933 militares
1048 3896 1182 3953 expensae
1194 3899 1202 3951 ;
1224 3897 1263 3934 ex

220 3982 279 4039 quo
293 3970 425 4040 tempore
438 3988 544 4045 nempe
559 3969 701 4026 Patimur
716 3969 787 4026 uiue
804 3969 937 4026 externis
950 3969 1119 4046 Anglorum
1137 3971 1263 4048 negotiis

220 4062 265 4114 est
278 4058 441 4134 praefectus,
456 4067 487 4130 et
501 4061 633 4119 Poloniae
645 4061 768 4119 libertas
780 4059 928 4118 subversa.
