3008 4778
727 325 799 400 108

239 533 420 614 mentum,
453 549 565 623 super
596 524 698 623 quod
727 524 887 622 amplius
917 521 1113 599 aedificium
1142 526 1302 622 poterit

241 650 346 749 erigi.
398 651 484 725 Hoc
502 658 666 750 systema
688 675 735 724 ex
761 649 823 723 illo
848 648 989 747 incepit
1015 647 1183 746 periodo,
1204 675 1299 746 quae

238 775 489 873 legationibus
500 775 805 874 permanentibus
816 773 1040 860 antecessit3
1061 772 1133 870 quir
1148 799 1298 872 nempe

238 900 278 973 in
288 900 452 999 periodo,
466 909 556 976 tunc
570 902 756 975 duntaxat
773 901 822 974 ad
838 899 997 974 invicem
1010 899 1298 976 communicare

239 1026 410 1102 solebant
436 1025 589 1114 Gentes,
609 1025 754 1123 quando
780 1024 918 1122 aliquid
941 1024 1127 1120 agendum
1153 1049 1295 1099 occur-

236 1160 350 1240 reret,
364 1175 434 1226 nec
451 1176 518 1250 per
536 1151 744 1225 subsistens
762 1149 1037 1237 commercium,
1052 1173 1203 1246 semper
1220 1151 1295 1227 ali-

234 1274 326 1372 quid
342 1275 402 1348 cui
420 1300 573 1372 operam
591 1276 735 1363 darent,
754 1274 796 1347 in
813 1281 991 1373 promptu
1008 1281 1099 1349 erat.

285 1398 322 1471 A
338 1397 558 1496 Byzantinis
576 1397 784 1472 derivatam
806 1398 987 1474 habemus
1005 1397 1290 1492 Diplomoticm.

236 1521 470 1597 Vocabulum
486 1521 589 1596 istud
606 1522 791 1620 significat
810 1530 834 1565 “
846 1521 1113 1622 duplicatum,''
1135 1531 1174 1597 et
1191 1524 1294 1600 illud

236 1672 373 1723 munus
391 1649 547 1724 denotat
564 1651 675 1746 quod,
696 1648 760 1746 qui
785 1656 945 1738 exercet,
971 1673 1041 1723 nos
1064 1656 1087 1688 “
1102 1649 1291 1726 archivis-

236 1781 316 1848 tam
330 1771 353 1806 ’³
378 1775 564 1873 appellare
589 1775 761 1849 solemus.
814 1774 901 1851 Vox
926 1775 975 1849 ad
1002 1772 1292 1852 conventiones

213 1898 434 2005 'spectabat
455 1898 495 1974 in
521 1906 606 1973 acta
628 1898 853 1997 redigendas
865 1925 875 1986 ;
913 1922 1034 1995 neque
1062 1897 1162 1972 enim
1187 1906 1291 1977 tunc

233 2023 414 2121 temporis
432 2023 646 2121 agitabatur
671 2024 717 2099 de
743 2023 985 2116 mandatariis
1002 2023 1043 2095 in
1058 2021 1290 2122 uniquique

236 2147 396 2224 Ciuitate
422 2149 663 2240 sustinendis,
689 2149 752 2248 qui
778 2149 952 2225 omnibus
971 2148 1134 2247 quotidie
1153 2173 1193 2224 se
1212 2150 1289 2226 im·

232 2273 434 2349 miscerent
454 2276 628 2374 negotiis.

284 2399 339 2471 At
348 2400 557 2475 notandum
571 2408 641 2489 est,
653 2402 785 2500 procu]
799 2427 821 2476 a
833 2401 943 2476 nobis
956 2425 1038 2476 esse
1048 2407 1093 2474 ut
1102 2399 1286 2479 Pontifex

232 2530 380 2622 partem
410 2531 534 2597 sumat
567 2524 607 2597 in
635 2525 708 2600 hoc
739 2534 943 2625 systemate
973 2535 1053 2600 tam
1080 2525 1210 2601 odioso
1243 2536 1285 2602 et

233 2648 423 2737 madefi003
443 2649 591 2724 omnino
605 2674 833 2741 econverso,
847 2654 1077 2728 volumusut
1092 2676 1177 2726 cum
1188 2654 1284 2750 quid

234 2774 285 2849 sit
306 2783 522 2872 cognoscat,
543 2776 781 2875 deceptiones
807 2777 909 2852 illino
935 2785 1084 2852 exortas
1106 2778 1284 2852 frustrari

231 2898 365 2998 possit,
384 2899 561 2998 falsisque
586 2925 626 2975 se
647 2909 813 3000 opponat
829 2901 1022 3000 principiis
1042 2925 1124 3000 quae
1142 2900 1282 2976 exinde

231 3035 461 3126 generantur
478 3036 517 3102 et
534 3054 693 3126 quorum
711 3053 780 3126 ope
799 3027 1069 3102 sustinentur*
1194 3049 1201 3058 ·

282 3153 495 3228 Academiae
507 3154 780 3228 Ecclesiasticae
798 3154 996 3250 adjunctus
1015 3160 1074 3226 est
1086 3175 1280 3226 ramuscu-

232 3279 292 3352 lus
312 3279 476 3375 quidam,
491 3278 550 3354 cui
567 3278 807 3376 Diplomatiae
820 3277 942 3353 Sacrae
953 3303 1090 3351 nomen
1100 3276 1279 3369 inditum,

233 3403 413 3478 adinstar
430 3404 631 3503 Byzantini
650 3404 816 3503 Collegii.
854 3403 1109 3479 Concordatas
1121 3403 1277 3478 studen-

270 3600 290 3639 θ
310 3599 425 3658 Russus
439 3601 560 3677 quidam
584 3623 600 3661 e
622 3603 799 3680 proceribus,
816 3609 846 3662 et
866 3603 997 3664 externis
1011 3601 1175 3659 Russcrum
1189 3621 1278 3679 nego

228 3692 280 3750 tiis
294 3692 365 3750 olim
378 3695 560 3770 praepositus,
575 3697 609 3752 in
622 3697 698 3754 libro
712 3697 761 3754 cui
774 3717 882 3755 nomen
899 3702 916 3731 “
927 3697 971 3752 La
990 3693 1197 3772 Diplomatie,’'
1211 3694 1275 3754 haec

230 3784 340 3845 babet:
359 3788 378 3818 “
389 3784 512 3864 Concipi
525 3807 586 3844 non
600 3794 697 3864 potest
710 3809 769 3865 quo
782 3791 869 3847 modo
887 3789 997 3848 Gentes
1011 3789 1111 3847 sinant
1125 3788 1160 3845 de
1174 3806 1205 3845 ae
1219 3787 1279 3846 dis-

230 3876 303 3955 poni
326 3878 364 3935 ab
385 3877 561 3950 hominibus,
584 3880 672 3939 aliam
695 3881 874 3939 habentibus
898 3882 1107 3941 conscientiam
1131 3887 1161 3938 et
1180 3880 1275 3940 alium

230 3971 329 4030 Deum
340 3990 349 4044 3
370 3971 459 4048 idque
482 3991 543 4029 non
564 3977 643 4032 mere
667 3974 751 4032 nullo
775 3995 842 4034 cum
863 3975 984 4035 horrore
1006 3982 1036 4034 et
1056 3981 1148 4048 metu,
1169 3975 1275 4034 verbm

229 4064 320 4124 etiam
341 4065 425 4141 quasi
434 4066 552 4142 justum
565 4066 687 4126 foretet
707 4069 962 4130 consentaneum.”
1005 4070 1080 4129 Haec
1094 4086 1173 4126 anno
1197 4068 1275 4128 1826

227 4159 392 4240 conscripta
411 4163 499 4223 sunt!
