2976 4784
734 276 783 345 24

243 473 469 547 termissum.
540 470 678 545 Custos
700 470 867 568 sigini}
902 470 1068 544 tabulam
1096 470 1284 567 quandam

242 596 454 695 obsignavit
470 619 606 683 rasam,
626 618 708 691 quae
729 594 863 668 deinde
886 595 934 667 ad
952 590 1177 667 Gulielmum
1193 592 1283 678 ΙΠ.,

242 722 281 793 in
298 719 499 795 Hollandid
524 727 615 792 tunc
637 719 816 816 temporis
833 725 1138 804 commorantem,
1156 717 1282 804 missa,

243 871 266 918 a
282 845 397 940 Rege,
425 844 579 917 arbitrio
604 843 767 940 proprie,
795 840 943 939 seriptis
968 841 1159 915 vocabulis
1185 849 1285 915 esset

242 970 394 1066 repleta.
447 969 503 1042 Ut
522 969 783 1043 defenderetur
806 966 1032 1065 Respublica
1060 966 1282 1063 Anglorum,

243 1101 282 1167 et
299 1093 409 1166 simul
433 1092 608 1167 universa
624 1093 789 1190 Europa,
814 1118 837 1165 a
866 1090 1111 1167 consectariis
1132 1091 1284 1188 hujusce

244 1218 403 1305 sceleris,
434 1218 608 1290 Minister
637 1217 699 1291 ille
742 1216 864 1315 capite
897 1216 1135 1289 damnandus
1169 1223 1281 1290 esset.

243 1342 326 1416 Hdc
351 1368 428 1415 non
456 1341 622 1415 adhibite
647 1341 805 1431 ratione,
841 1342 984 1439 primus
1018 1341 1089 1413 iste
1116 1342 1284 1414 incessus

243 1464 382 1538 multos
400 1465 528 1538 eddem
544 1465 604 1539 vis
623 1465 751 1538 traxit.
804 1465 960 1554 Deinde,
976 1465 1222 1561 quodcunque
1239 1488 1286 1537 ex

243 1592 352 1687 parte
367 1589 508 1685 Legum
530 1597 568 1662 et
587 1588 876 1663 Constitutionis
899 1589 1084 1676 obstabat,
1104 1589 1284 1686 paulatim

244 1712 419 1800 evanuit3
447 1713 630 1800 videlicet,
658 1714 705 1786 de
731 1714 829 1786 bello
856 1713 1032 1801 ineundo,
1058 1715 1105 1787 de
1121 1714 1283 1810 negotiis

243 1838 343 1935 apud
360 1846 507 1911 exteras
526 1838 695 1912 civitates
713 1839 881 1936 agendis,
901 1839 1284 1936 conventionibusque

244 1962 382 2059 scripto
396 1961 613 2051 formandis,
622 1989 668 2036 ex
681 1964 815 2061 quibus
829 1965 957 2060 utique
970 1963 1129 2060 scriptis,
1141 1971 1283 2061 postea,

242 2086 381 2159 bellum
404 2085 499 2160 forte
525 2087 718 2160 exordium
744 2087 869 2161 sumit.
922 2087 1065 2160 Eodem
1091 2087 1166 2160 fere
1191 2095 1284 2160 tem-

243 2235 333 2307 pore
351 2210 462 2283 desiit
478 2211 582 2306 regia
599 2218 768 2307 potestas
790 2237 858 2309 per
876 2236 939 2285 eos
956 2211 1131 2299 exerceri,
1151 2212 1284 2308 quibus

245 2333 345 2419 solis,
362 2333 459 2429 jure,
477 2334 606 2421 licuit3
633 2360 679 2408 ac
696 2335 852 2408 remissa
868 2344 927 2410 est
943 2336 1098 2409 arbitrio
1118 2334 1284 2411 Sodalitii

244 2457 450 2553 cujusdam,
468 2482 536 2553 per
552 2457 673 2554 Leges
691 2458 840 2533 minime
865 2461 1059 2557 recogniti,
1087 2461 1147 2534 cui
1166 2461 1285 2535 Secre-

245 2580 347 2653 tioris
368 2579 553 2664 donatist
582 2582 791 2679 designatio
816 2592 875 2657 est
896 2585 1015 2657 affixa.
1069 2584 1182 2658 Nunc
1198 2583 1286 2657 verb

244 2703 437 2800 temporis,
471 2730 548 2779 non
583 2707 663 2780 sine
700 2709 862 2781 maximo
888 2708 1135 2796 incommodo,
1172 2707 1286 2806 vulgo

245 2827 491 2918 existimatur,
528 2856 676 2904 omnem
712 2834 758 2906 de
783 2832 985 2907 foederibus
1023 2833 1210 2919 feriendis
1246 2840 1286 2905 et

244 2954 291 3026 de
309 2954 415 3027 bellis
432 2955 640 3030 indicendis
661 2958 856 3046 actionem,
876 2960 925 3030 ad
941 2958 1083 3055 regiam
1099 2957 1286 3055 pertinere

244 3077 500 3174 majestatem
527 3081 749 3178 minimeque
774 3082 1025 3156 necessarium
1051 3106 1132 3154 esse
1156 3089 1200 3154 ut
1216 3083 1288 3154 hoc

244 3204 310 3276 fiat
328 3229 413 3277 cum
430 3228 615 3279 consensu
634 3205 775 3280 Secreti
794 3205 986 3296 Concilii,‡
1012 3206 1100 3303 dum
1119 3204 1288 3279 sufficere

244 3329 420 3401 credatur
446 3330 631 3403 sententia
658 3339 682 3370 “
696 3330 915 3405 Secretioris
947 3329 1140 3418 Concilii,''
1167 3328 1286 3404 Soda-

244 3451 314 3524 litii
331 3452 440 3526 istius
465 3455 565 3527 mere
591 3453 843 3541 accidentalia,
863 3463 902 3528 et
927 3456 1028 3552 quod
1053 3479 1076 3528 a
1101 3454 1287 3551 suffragiis

245 3574 285 3646 in
301 3575 554 3651 Parliamento
572 3577 658 3650 latis
677 3578 827 3651 omnini)
843 3581 1017 3677 pendeat.

295 3697 389 3772 Post
415 3699 562 3772 Bellum
591 3699 847 3778 Successionis
871 3703 1085 3800 Hispanieae
1112 3703 1220 3791 bella,
1238 3700 1288 3776 ad

567 3891 584 3932 ⁴*
605 3899 688 3957 John
702 3898 825 3957 Somers.

567 3997 586 4056 †
607 3992 742 4068 Anglice,
757 3992 864 4067 Kinp'e
878 3991 1002 4052 Oobioet.

569 4085 586 4160 χ
604 4085 740 4165 Angue,
756 4086 852 4161 rua
867 4085 995 4144 coeno.
