2976 4784
720 257 773 329 13.

225 455 337 542 liticd,
382 456 428 529 de
478 453 657 530 doctrinis
700 455 859 551 denique
901 446 1115 552 Religionis·
1175 453 1267 529 'Has
1368 475 1370 480 ’

102 681 106 688 Ι
226 579 341 676 igitur
388 579 551 653 theorias
600 580 834 677 perpendens
882 578 1137 675 unusquisque
1180 602 1266 676 pro·

225 701 399 774 nuntiat:
428 709 453 741 “
464 702 557 775 Haec
574 727 667 798 gens
689 702 742 773 illi
760 702 954 799 copuletur
966 799 969 802 q
978 703 1103 798 genti3
1132 703 1178 775 ab
1195 701 1268 775 istd

227 832 251 867 “
270 825 527 923 disjungatur3
580 826 641 899 hic
686 826 799 900 homo
840 826 913 898 illis
955 825 1134 923 imperet;
1186 825 1266 899 haec

227 956 251 988 “
268 949 412 1037 civitae,
441 951 543 1047 Rege
569 950 735 1047 expulso,
762 950 933 1046 populari
966 950 1140 1046 deinceps
1170 950 1266 1046 regi·

227 1081 251 1112 ‘⁴
269 1073 361 1146 mini
387 1074 626 1170 subjiciatur3
654 1074 717 1146 illa
734 1073 1016 1170 Rempublioam
1041 1075 1209 1171 abroget,
1230 1081 1268 1146 et

130 1219 131 1222 ’
228 1205 251 1238 “
269 1199 380 1272 unius
398 1199 606 1272 dominatui
622 1206 764 1295 pareat.
817 1197 909 1288 Quae
932 1198 1057 1272 omnia
1074 1223 1160 1272 oum
1176 1197 1267 1270 mihi

225 1329 249 1386 4‘
268 1322 345 1395 sint
395 1323 510 1410 cordi,
553 1323 713 1396 laudabo
750 1330 1006 1408 executurum,
1042 1322 1267 1419 quicumque

227 1453 250 1488 ‘⁶
269 1446 418 1519 dembm
451 1447 514 1521 ille
550 1446 611 1533 sit,
648 1447 759 1521 simul
792 1455 831 1520 et
864 1447 987 1520 media
1025 1471 1267 1543 quaeoumque

225 1579 250 1612 “
268 1570 408 1644 fuerint
441 1572 488 1644 ab
522 1573 605 1669 ipso
640 1570 886 1645 adhibenda.”
952 1570 1014 1645 Sic
1039 1571 1177 1668 ubique
1206 1572 1267 1645 via

97 1797 99 1802 Ι
224 1700 331 1790 patet
372 1693 444 1789 qud
495 1694 713 1793 deveniatur
755 1696 804 1766 ad
846 1693 1030 1765 rationem
1074 1693 1267 1765 hominum

224 1815 407 1902 ultimam,
435 1816 627 1913 sanguinis
658 1817 799 1890 scilicet
825 1817 1052 1902 effusionem,
1081 1817 1182 1889 nulld
1207 1819 1267 1890 vel

225 1938 379 2035 quaesitd
396 1939 507 2012 causb
519 1966 530 2027 ;
557 1940 724 2012 nondum
749 1937 909 2037 patrate,
938 1937 1134 2026 attentata,
1153 1939 1266 2013 immo

223 2089 272 2137 ne
289 2063 473 2137 somniatd
490 2064 651 2161 quidem,
669 2063 813 2160 injurie.

273 2187 375 2261 Hinc
407 2197 551 2263 tessera
592 2214 659 2286 per
693 2213 804 2286 quam
837 2188 986 2261 honesti
1018 2188 1209 2263 hominum
1244 2215 1267 2262 a

223 2312 397 2409 turpibus
433 2321 688 2387 secernantur.
753 2312 794 2388 si
821 2312 904 2410 quis
934 2314 1032 2405 malo
1059 2313 1172 2386 finem
1197 2314 1265 2386 im·

75 2488 78 2495 -
222 2462 360 2534 ponere
386 2439 549 2525 studeat,
572 2438 620 2511 ab
647 2463 765 2535 eoque
791 2462 878 2512 suos
904 2463 1091 2525 revocare,
1118 2438 1266 2536 integer

222 2561 314 2660 ipse,
336 2563 474 2636 talibus
501 2587 583 2637 sese
610 2588 704 2660 opus
723 2570 782 2637 est
806 2563 951 2635 imbuat
977 2563 1195 2660 disciplinis,
1222 2572 1266 2637 ut

221 2711 290 2783 par
308 2687 358 2761 sit
375 2689 423 2760 ad
441 2687 642 2785 quemlibet
656 2688 954 2784 coarguendum3
974 2687 1266 2761 demonstrando

221 2833 356 2905 nempe
390 2810 590 2906 unicuique
625 2834 754 2882 eorum
797 2833 891 2907 quos
934 2810 1147 2906 alloquitur,
1181 2810 1265 2907 lege

221 2931 326 3002 illum
344 2933 454 3004 simul
471 2939 511 3004 et
525 2933 597 3004 fide
615 2957 752 3018 carere,
769 2934 935 3029 quisquis
948 2933 1111 3006 theorias
1128 2934 1264 3022 foveat,

222 3052 558 3150 cupiditatibusque
591 3054 727 3140 faveat,
762 3056 802 3126 in
835 3057 946 3129 rebus
980 3081 1003 3128 a
1037 3081 1078 3128 se
1111 3081 1265 3153 prorsus

222 3176 374 3250 alienis:
403 3177 645 3274 eundemque,
678 3178 925 3274 quantumin
952 3203 991 3252 se
1017 3187 1086 3265 est,
1115 3202 1265 3274 operam

222 3326 329 3376 suam
352 3308 534 3399 praestare
563 3302 611 3375 ad
633 3303 783 3374 turbam
807 3302 910 3375 illam
933 3302 1181 3375 universalem
1207 3303 1263 3375 ina

221 3427 442 3512 ducendam,
470 3426 570 3498 uude
597 3450 665 3499 suo
691 3435 860 3525 tempore
890 3427 1031 3500 orietur
1060 3426 1265 3500 dominatio

219 3551 331 3624 unius
357 3575 424 3648 per
452 3557 576 3623 totum
602 3552 730 3625 orbem
764 3551 985 3650 tyrannidis,
1017 3551 1264 3647 rerumpubli-

220 3699 349 3748 carum
391 3675 632 3772 cultuumque
669 3676 756 3772 jur'a
797 3675 1030 3773 usurpantis.
1099 3651 1265 3772 Legibus

220 3799 391 3874 civitates
425 3800 547 3887 inniti,
578 3825 699 3898 neque
733 3801 840 3878 aliter
869 3826 1000 3898 pacem
1035 3809 1073 3875 et
1105 3801 1264 3889 benevo-

218 3922 373 4023 lentiam
401 3949 570 4008 securam
600 3925 910 4023 praestariuded
946 3934 1088 4016 certum
1123 3933 1192 4013 est,
1222 3933 1266 3998 ut

219 4046 284 4118 ubi
319 4045 436 4143 (quod
477 4074 578 4124 nuno
620 4049 677 4140 fit)
721 4049 843 4148 Leges
857 4028 863 4036 ¹
878 4048 1139 4139 obsoleverint,
1156 4048 1267 4122 nihil
