2976 4784
709 279 757 351 25

219 504 335 550 unum
353 478 490 565 omnia,
507 502 577 551 nec
593 477 805 552 necessaria
821 477 924 551 fuere
942 503 1012 552 nec
1023 479 1150 575 justa3
1170 480 1261 552 dum

219 603 259 674 in
275 603 320 676 iis
339 603 511 701 gerendis
540 603 593 674 illi
623 603 686 699 qui
710 602 922 700 reipublicae
945 611 1143 699 praeerant,
1161 605 1261 677 vires
1356 623 1358 626 ’

220 729 353 824 quibus
381 728 520 824 Anglia
549 728 643 800 mari
670 728 835 825 pollebat
862 728 1110 801 cohibuerunt
1136 727 1261 826 potiris

219 877 330 947 quam
365 854 687 949 deprompserunt.
740 851 880 926 Verum
913 877 1032 950 usque
1067 853 1262 945 adfinem

219 977 389 1072 gravium
408 1001 490 1072 quae
507 1003 553 1050 ex
564 976 810 1050 Revolutione
824 975 962 1051 Gaffiot
980 985 1106 1050 ortum
1123 977 1262 1050 habue-

220 1109 310 1173 runt
326 1101 519 1187 bellorum,
538 1104 707 1174 restabat
724 1102 863 1198 aliquid
889 1102 1131 1199 subjectionis
1149 1109 1263 1198 atque

220 1225 418 1313 decentiae3
447 1228 540 1300 adeo
566 1236 609 1298 ut
633 1227 706 1298 illae
731 1227 982 1298 retinerentur
1005 1227 1146 1314 formae,
1166 1251 1260 1325 quae,

220 1351 267 1423 ad
284 1352 444 1424 militum
462 1335 707 1425 conscientias
724 1351 763 1422 in
776 1358 862 1424 tuto
874 1350 1120 1438 collocanda-s,
1136 1358 1263 1425 essent

220 1476 369 1548 omnini)
386 1476 616 1550 necessariae.
671 1474 759 1549 Sine
776 1499 952 1574 expresso
971 1476 1149 1549 mandato
1167 1501 1261 1549 nun·

220 1625 331 1694 quam
362 1601 409 1671 ad
442 1601 518 1673 vim
551 1609 773 1696 perventum
808 1609 877 1686 est,
914 1609 952 1673 'et
981 1600 1091 1696 juxta
1120 1626 1263 1674 morem

221 1723 400 1795 militibus
423 1732 468 1795 ut
496 1724 796 1809 “interficerent
827 1724 1099 1810 comburerent,
1129 1748 1173 1797 ac
1200 1727 1264 1798 de·

223 1846 451 1932 struerent,’'
471 1847 541 1918 rite
561 1855 619 1918 est
636 1847 867 1919 mandatum.

272 1971 332 2043 Ex
351 1970 413 2042 ille
434 1971 550 2066 igitur
574 1978 696 2057 aetate,
716 1970 788 2066 qud
811 1972 910 2043 bella
934 1978 1055 2044 totam
1073 1971 1264 2068 Europam

222 2096 520 2194 complectentia,
565 2096 821 2191 conquievere,
866 2096 1015 2193 publica
1069 2097 1264 2194 praedatio,

222 2223 268 2294 ab
291 2221 392 2295 omni
417 2221 529 2319 pallio
555 2221 669 2307 nuda,
689 2221 792 2293 ducit
821 2220 980 2294 initium.
1035 2219 1145 2311 Quod
1174 2230 1278 2324 tunc*

221 2346 340 2443 prime
358 2347 481 2421 locum
497 2346 629 2419 habuit
653 2345 729 2432 ubi,
749 2371 846 2419 anno
867 2344 978 2433 1827,
996 2345 1037 2418 in
1049 2346 1177 2444 praelio
1188 2345 1227 2418 N
1227 2371 1265 2419 a·

222 2471 409 2545 varinensi
435 2480 493 2544 est
520 2470 758 2543 dimicatum:
789 2471 889 2566 quod
913 2470 999 2544 licet
1024 2471 1194 2567 praelium
1219 2495 1266 2544 ex

222 2596 468 2670 conventione
511 2596 670 2692 quddam
711 2595 824 2667 nullis
867 2595 1032 2691 Legibus
1074 2594 1267 2692 recognitd

221 2720 393 2794 habuerit
410 2721 600 2816 originem,
613 2720 715 2792 nulla
731 2727 858 2792 tamen
876 2719 1117 2806 consectaria,
1131 2719 1265 2792 saltem

224 2868 270 2916 ex
296 2853 404 2941 parte
431 2845 590 2940 Angliae,
620 2844 803 2930 obtinuit3
832 2851 871 2917 et
899 2844 1039 2918 bellum
1066 2867 1113 2915 ex
1139 2868 1265 2917 errore

224 2976 349 3039 ortum
366 2968 649 3061 agnoscebatur.

273 3091 457 3163 Undecim
492 3115 675 3162 annorum
710 3090 829 3187 spatio
866 3090 952 3164 huic
985 3098 1127 3163 nostrae
1163 3091 1267 3164 aetati

224 3214 563 3314 appropinquemus
588 3239 739 3286 necesse
766 3222 835 3300 est,
862 3224 906 3286 ut
931 3214 1163 3288 inveniamus
1191 3239 1265 3311 quo

224 3348 392 3438 tempore
433 3337 553 3437 primi)
600 3346 709 3436 gesta
759 3338 933 3411 militaria
984 3364 1007 3411 a
1058 3337 1266 3411 constituto

205 3463 414 3538 Gubernio
444 3489 510 3561 per
540 3463 806 3561 praedationem
834 3471 923 3537 sunt
949 3471 1127 3560 suscepta
1154 3471 1193 3536 et
1218 3464 1267 3536 ad

224 3591 365 3664 exitum
398 3613 516 3685 usque
549 3589 742 3686 perducta.
795 3588 968 3664 Incursio
1001 3589 1041 3659 in
1067 3588 1160 3661 fines
1186 3586 1265 3660 Aff-

225 3715 404 3812 ghanicos
430 3712 528 3785 facta
552 3713 713 3809 primum
738 3714 844 3786 nobis
864 3719 1020 3811 praestat
1043 3711 1264 3809 exemplum.

225 3840 359 3911 Annus
376 3838 492 3934 igitur
510 3839 607 3910 1838
627 3838 742 3911 statui
758 3845 886 3935 potest
902 3846 946 3911 ut
966 3838 1006 3908 in
1030 3862 1103 3934 quc
1128 3837 1267 3909 bellum

226 3963 305 4059 geri
331 3963 542 4049 cessaverit,
561 3971 600 4035 et
624 3963 818 4036 hominum
843 3962 1059 4047 occisiones,
1086 3959 1266 4034 Gubernii

221 4087 332 4182 jussu
348 4086 468 4176 factae,
485 4087 582 4162 bello
600 4087 677 4161 sint
693 4095 911 4185 surrogatae.
963 4085 1111 4160 Bellum
1134 4091 1267 4158 eontra

739 4234 763 4284 1>
