2976 4784
717 371 789 444 109

231 568 297 643 das
324 568 396 643 sibi
419 570 595 668 proponit
614 577 652 645 et
676 569 819 646 inacta
841 571 1076 670 redigendas,
1096 580 1134 646 et
1151 574 1272 649 omnis
1362 554 1373 586 ²

231 694 332 791 quod
348 695 422 768 huc
440 695 553 769 faeiat
571 695 597 768 J
597 695 676 769 uris
694 696 900 771 scientiam.
954 696 1014 769 Ibi
1030 698 1272 772 instruuntur

230 817 368 892 Nuntii
384 827 430 892 ut
444 820 529 917 apte
548 819 625 894 suis
637 820 743 918 fungi
756 822 902 919 possint
915 824 1142 896 muneribus.
1188 824 1272 897 Hoc

229 969 275 1016 ex
293 943 470 1042 collegio,
490 944 652 1017 naturali
670 945 829 1043 quadam
847 944 1038 1034 divisione,
1063 948 1170 1022 fieret
1191 947 1270 1022 001-

230 1069 359 1164 lepium
383 1071 617 1167 Diplomata'ce
648 1070 856 1160 Scrutaris,
882 1072 922 1144 in
956 1098 1030 1170 quo
1064 1073 1269 1171 principem

227 1193 350 1269 locum
371 1195 557 1271 obtineret
587 1196 892 1295 Jurisprudentia
918 1205 958 1272 et
981 1198 1052 1272 Jus
1078 1197 1267 1273 Gentium.

226 1319 298 1409 Ita,
321 1319 482 1394 maximi
507 1346 592 1397 cum
621 1322 858 1421 simplicitate
883 1330 921 1397 et
942 1324 1053 1420 juxta
1078 1331 1267 1412 naturam,

225 1472 286 1522 res
304 1456 479 1545 ageretur
489 1474 500 1536 3
519 1456 780 1547 nequetamen
793 1449 924 1547 nequit
942 1450 1050 1524 aliter
1061 1449 1133 1547 agi.
1174 1451 1269 1524 Haeo

227 1572 352 1645 studia
384 1573 653 1669 proprietatem
686 1598 762 1646 non
797 1574 1025 1659 admittunt3
1058 1573 1270 1648 communia

227 1700 314 1766 sunt
324 1695 487 1791 cujusvis
500 1694 707 1782 hominum,
719 1696 878 1769 maxime
890 1697 970 1792 ejus
982 1697 1047 1792 qui
1058 1697 1150 1769 alios
1160 1697 1269 1770 insti·
1315 1751 1317 1755 -

226 1824 333 1893 tuere
351 1819 496 1892 debeat.
542 1818 673 1892 Officia
689 1819 857 1917 pendent
874 1847 897 1892 a
914 1819 1270 1893 circumstantiis.—

228 1941 324 2017 (ium
340 1945 508 2018 nondum
525 1944 735 2042 frequentia
753 1952 880 2018 essent
897 1944 1036 2042 injusta
1061 1944 1169 2030 belia,
1188 1968 1267 2017 non

227 2093 321 2166 opus
332 2076 413 2143 erat
423 2076 467 2142 ut
477 2069 580 2143 hisce
594 2069 741 2158 studiis,
754 2076 886 2165 utpote
899 2068 1108 2167 superfiuis,
1123 2069 1268 2141 incum-

224 2194 394 2281 beretur;
423 2194 576 2268 atvero
607 2195 736 2267 eadem
765 2193 845 2290 jam
872 2193 1031 2266 maxime·
1060 2192 1269 2267 necessaria

226 2326 316 2391 sunt
344 2317 542 2416 unicuique
578 2317 641 2416 qui
679 2318 918 2393 conscientiae
953 2317 1122 2417 regimen
1162 2317 1268 2415 sequi

223 2443 326 2531 velit,
345 2443 418 2519 hoo
437 2443 647 2542 praesertim
670 2451 853 2542 tempore,
869 2443 934 2515 ubi
950 2467 1059 2518 nemo
1079 2442 1152 2517 scit
1168 2442 1268 2517 unde

222 2569 449 2666 legitimum
472 2569 540 2643 fiat
589 2570 741 2659 bellum,
788 2594 832 2644 ao
869 2569 934 2643 ubi
967 2568 1125 2668 proinde
1167 2569 1267 2643 bella

222 2693 362 2783 illicita,
397 2695 546 2768 nemine
581 2696 756 2769 obstante
793 2703 989 2794 geruntur,
1025 2694 1175 2768 nemine
1208 2720 1266 2768 re·

224 2816 419 2890 clamante.
765 2902 768 2909 ,

272 2939 493 3014 Instruendi
519 2949 608 3015 sunt
632 2943 799 3018 universi
825 2945 1049 3018 sacerdotes.
1112 2943 1267 3016 Adsunt

222 3063 351 3135 multae
378 3061 620 3159 Regularium
638 3062 937 3138 communitates
966 3063 1101 3161 quibus
1128 3066 1268 3162 praesto

223 3195 311 3262 sunt
328 3187 535 3262 auotoritas
549 3196 589 3262 et
603 3188 752 3263 devotio
767 3215 777 3276 ;
796 3188 894 3277 libri,
908 3197 946 3263 et
965 3189 1084 3263 otium
1100 3190 1263 3287 legendi.

222 3313 398 3387 Infinitas
423 3313 538 3388 habet
564 3339 655 3412 opes
691 3313 861 3388 Ecclesia
900 3314 1081 3402 Romana,
1109 3315 1264 3389 simulac

120 3493 122 3497 .
221 3445 450 3537 agnoscatur
469 3437 663 3513 inteliectu
690 3437 943 3513 dimicandum
960 3463 1043 3513 esse
1061 3446 1192 3513 contra
1207 3415 1270 3512 inss

220 3564 360 3652 fideles,
393 3571 525 3638 contra
559 3562 756 3638 Societatis
791 3565 1032 3653 eversionem,
1068 3573 1107 3639 et
1133 3573 1265 3641 contra

221 3715 350 3764 eorum
367 3689 533 3779 insidias,
554 3689 618 3788 qui
639 3689 743 3764 hisce
760 3697 910 3766 utentes
928 3690 1090 3782 astutiis,
1109 3717 1263 3792 corrup-

220 3814 361 3891 tionem
379 3815 533 3891 student
549 3841 772 3915 propagare.
