2976 4784
735 313 784 384 36

243 512 366 603 oum,”
386 520 518 591 eontra
532 512 676 587 Russus
703 517 931 608 grassantes,
960 518 1061 586 esset
1078 511 1285 586 obstaculo.

243 639 315 716 His
352 639 479 736 itaque
522 635 752 722 constitutis,
796 642 841 709 ut
882 635 1026 736 plenior
1068 636 1287 723 turbationi,

243 789 343 842 auno
378 764 488 849 1848,
524 769 677 848 exortae,
709 762 862 837 daretur
904 759 1070 847 effectus,
1107 761 1215 834 civile
1249 761 1289 835 in

243 887 363 964 banis
380 887 503 986 erupit
527 887 680 974 bellum,
698 887 810 983 quod,
829 885 968 982 anglis
984 894 1224 983 procurante,
1249 887 1289 960 in

242 1014 397 1091 tertium
409 1038 550 1088 annum
562 1020 620 1085 est
630 1019 876 1108 protractum.
906 1009 1081 1101 Quolibet
1092 1019 1289 1098 autumno,

244 1138 477 1214 Gubernium
494 1138 704 1234 Anglorum
730 1136 1016 1233 interpositione
1042 1135 1109 1209 sud
1127 1161 1208 1210 sese
1233 1137 1289 1209 in-

243 1261 378 1362 gessit,
407 1263 463 1337 ita
487 1270 531 1335 ut
557 1287 618 1336 res
635 1287 704 1359 per
720 1261 879 1335 hiemale
907 1268 1057 1359 tempus
1086 1260 1128 1333 in
1158 1262 1290 1335 eodem

243 1397 348 1465 statu
365 1395 573 1474 manerent,
603 1411 723 1483 usque
746 1388 848 1473 dum,
866 1411 955 1461 rere
973 1387 1213 1472 adventante,
1231 1410 1291 1460 re-

242 1512 374 1586 novari
391 1518 547 1609 possent
571 1510 712 1584 bellicae
730 1508 977 1607 operationes,
1006 1509 1140 1605 quibus
1157 1518 1291 1608 postea

241 1638 339 1715 liber
369 1637 521 1711 relictus
552 1642 611 1708 est
624 1651 781 1708 'cursus
847 1633 982 1709 Elidem
1017 1634 1072 1707 rei
1107 1635 1289 1709 Borussia

242 1786 395 1859 operam
421 1761 536 1848 dedit,
572 1761 662 1834 dum
692 1759 833 1857 perfida
863 1758 982 1835 suasit
1012 1759 1290 1833 Ducatensibns

241 1885 570 1984 perseverantiam,
599 1884 836 1981 obtinuitque
870 1885 1023 1959 tandem
1051 1892 1094 1957 ut
1121 1883 1193 1958 sibi
1217 1883 1291 1981 ipsi

243 2012 542 2089 committeretur
585 2034 760 2106 suprema
802 2009 842 2081 in
875 2009 947 2083 hoc
989 2009 1090 2082 bello
1123 2009 1291 2105 gerendo

243 2137 460 2224 auctoritas,
480 2161 526 2210 eo
542 2135 616 2208 fine
633 2143 677 2208 ut
695 2134 822 2232 copias
847 2135 1027 2209 militares
1044 2134 1291 2208 internecioni

242 2261 421 2338 traderet.
474 2258 535 2332 Ita
561 2283 629 2356 per
655 2265 816 2357 quatuor
839 2283 958 2332 annos
985 2259 1185 2332 duraverat
1203 2283 1289 2332 san-

243 2384 369 2483 guinis
401 2383 546 2469 effusio,
583 2383 785 2456 commixta
815 2407 901 2456 eum
930 2383 1076 2456 insidiis
1106 2383 1289 2481 plurimis,

244 2511 364 2584 donec
384 2532 446 2583 res
475 2508 524 2581 ad
553 2508 700 2586 eulmen
719 2508 991 2604 quodammodo
1019 2508 1178 2582 fuissent
1206 2533 1290 2606 per·

244 2635 390 2720 ductae3
424 2632 559 2706 deinde
587 2633 784 2707 Varsoiiae
809 2633 946 2706 initum
970 2641 1030 2708 est
1045 2633 1167 2708 foedus
1191 2633 1293 2707 inter

244 2758 518 2857 Imperatorem
535 2758 772 2846 Russiaeum,
792 2759 855 2856 qui
880 2782 951 2857 pro
966 2759 1131 2835 Familiae
1150 2759 1293 2834 Olden-

244 2882 443 2980 burgensis
459 2881 591 2981 Capite
605 2908 646 2958 se
657 2884 843 2979 gestabat,
857 2883 1075 2981 Regemque
1085 2884 1290 2958 Danicum:

245 3034 319 3106 quo
337 3007 477 3082 foedere
493 3017 640 3086 mutata
669 3017 728 3082 est
758 3009 943 3084 successio
969 3010 1018 3082 ad
1034 3009 1219 3106 Regnum,
1238 3009 1293 3083 ita

243 3140 288 3207 ut
323 3133 481 3207 exclusis
517 3134 645 3207 multis
687 3132 900 3207 hominibus
936 3134 999 3230 qui
1029 3134 1168 3232 potiori
1201 3159 1292 3230 gan-

244 3257 385 3330 debant
413 3258 510 3355 jure,
539 3258 796 3332 nominaretur
821 3258 861 3330 in
891 3283 1049 3355 regnum
1076 3282 1291 3333 successor:

245 3383 336 3456 dum
369 3382 441 3479 ipsi
476 3382 716 3481 Imperatori·
743 3383 1019 3480 adjudicaretur
1059 3383 1205 3471 titulus,
1248 3390 1294 3456 ut

245 3506 368 3603 Regni
393 3506 538 3594 Danici,
565 3508 676 3581 simul
701 3517 738 3581 et
763 3508 988 3596 Ducatuum,
1015 3510 1167 3584 haeredi.
1213 3488 1216 3492 ⁴

297 3628 525 3726 Hujusmodi
554 3632 691 3728 pactio,
719 3640 757 3714 et
781 3632 862 3730 ipsa
887 3641 931 3706 ut
956 3633 1119 3731 reliquae,
1138 3633 1292 3730 injusta,

247 3760 287 3827 et
312 3753 423 3827 simul
451 3753 569 3828 Danis
604 3757 748 3831 summe
771 3757 928 3845 infensa,
960 3765 999 3831 et
1028 3758 1103 3833 toti
1131 3758 1295 3856 Europae

247 3876 468 3976 perictdosa.
536 3879 794 3956 Moderatores
820 3881 951 3956 Dauiae
977 3908 1203 3959 consensum
1219 3883 1294 3957 De-

247 4008 466 4100 putatorum
495 4029 543 4082 ne
573 4005 723 4102 quidem
748 4013 876 4103 petere
902 4008 983 4082 ausi
1010 4017 1110 4083 sunt.
1163 4009 1294 4107 Ipsum

249 4123 373 4203 foedus
415 4129 555 4211 secrete
604 4128 708 4227 prius
759 4131 1002 4220 custoditum,
1045 4140 1090 4206 nt
1140 4134 1295 4217 tandem
