2976 4784
680 257 727 328 60

186 469 399 546 hominibus
426 470 608 545 dominari
631 480 782 569 potest3
815 480 854 547 et
882 472 967 548 cium
993 473 1084 573 ipsis
1108 478 1233 552 omnia

187 595 312 672 desint
328 595 450 670 media
474 621 543 694 per
560 621 642 694 quae
659 597 698 670 id
715 622 940 695 cognoscere
968 600 1115 697 possint
1132 604 1233 699 quod

186 723 232 796 de
248 722 294 795 iis
315 728 460 818 agatur,
480 722 618 795 sensim
641 723 720 795 sive
745 747 870 810 sensu,
891 724 939 797 ob
959 725 1085 799 oculos
1102 751 1231 800 eorum
1349 761 1352 767 ’

184 846 260 920 tela
275 845 451 934 nectitur,
466 846 624 942 pedibus
642 871 771 920 eorum
784 847 908 944 laquei
924 856 1118 945 parantur.
1171 849 1231 922 Ex

183 968 243 1042 his
261 976 387 1043 autem
404 970 575 1045 extricari
592 980 783 1069 nequeunt
800 972 873 1044 nisi
890 996 957 1069 per
970 998 1116 1047 morum
1134 973 1230 1048 inte-

184 1093 360 1191 gritatem
378 1103 416 1167 et
432 1095 569 1169 bonam
586 1095 626 1167 in
642 1097 803 1193 negotiis
821 1097 996 1185 indolem,
1014 1123 1095 1194 quae
1112 1099 1174 1172 vel
1190 1099 1231 1171 in

182 1243 258 1292 uno
281 1218 494 1292 inveniatur
519 1218 757 1316 Magistratu,
786 1220 848 1317 qui
872 1229 961 1294 utut
992 1230 1154 1320 angusta
1179 1223 1230 1298 sit

183 1344 262 1441 ejus
280 1343 385 1432 ditio,
403 1344 513 1441 hujus
532 1344 662 1418 salutis
680 1354 810 1420 auctor
827 1346 905 1419 fieri
923 1354 1061 1443 potest.

233 1467 348 1542 Hisce
375 1476 501 1542 autem
527 1468 686 1565 praedita
712 1469 986 1566 praerogativis,
1015 1470 1128 1545 (iuria
1153 1471 1227 1546 Ro-

182 1616 295 1666 mana
321 1617 389 1690 per
416 1593 552 1666 saltum
585 1601 813 1691 potestatem
841 1594 997 1681 obtinet,
1018 1595 1119 1666 nulli
1144 1602 1227 1670 toto

184 1714 284 1793 Orbe
305 1719 527 1805 secundam3
554 1719 609 1792 ita
632 1726 677 1790 ut
697 1719 850 1792 resistat
866 1718 921 1790 illi
947 1719 1110 1815 Imperio
1128 1721 1228 1816 quod

183 1847 308 1915 cetera
323 1842 433 1940 regit,
453 1843 502 1915 ad
518 1850 761 1940 mutuamque
778 1850 888 1940 urget
905 1842 1208 1918 internecionem.

232 1966 344 2042 Nunc
374 1967 499 2065 agitur
527 1969 572 2041 de
597 1969 709 2042 modo
734 1993 807 2065 quo
836 1967 895 2040 hae
917 1991 1019 2065 opes,
1041 1967 1080 2039 in
1103 1967 1226 2042 animo

183 2090 276 2180 sitae,
304 2092 444 2190 acquiri
460 2092 619 2190 possint.
672 2093 735 2164 Ad
761 2092 833 2165 hoc
855 2091 1055 2188 requiritur
1075 2092 1134 2166 vir
1160 2094 1227 2167 tali

181 2216 361 2314 praeditus
378 2216 540 2312 ingenio,
560 2216 660 2313 quali
676 2215 769 2287 nihil
785 2215 906 2288 rarius
936 2214 976 2287 in
995 2216 1225 2312 temporibus

180 2339 338 2438 legimus
356 2340 550 2414 anteactis.
602 2339 735 2436 Neque
761 2339 893 2413 melius
917 2340 1014 2413 hano
1031 2365 1111 2413 rem
1128 2341 1225 2438 quis·

180 2489 292 2562 quam
317 2464 490 2562 exposuit
516 2489 628 2561 quam
658 2465 830 2562 egregius
856 2464 917 2538 ille
943 2489 989 2537 ex
1016 2464 1136 2551 (llere,
1163 2466 1225 2562 qui

178 2588 282 2663 hisce
304 2613 395 2663 usus
419 2597 477 2662 est
493 2589 706 2663 vocabulis:
749 2597 772 2630 ‘⁶
789 2588 995 2687 Gigantum
1028 2590 1100 2664 hoc
1131 2615 1224 2689 opus

179 2720 258 2786 est:
287 2720 327 2786 at
354 2712 442 2786 vero
469 2738 547 2787 non
577 2715 716 2788 adsunt
748 2714 942 2812 Gigantes,
974 2739 1095 2812 neque
1124 2715 1224 2788 intra

179 2837 355 2913 Ecclesiae
373 2847 492 2936 septa,
510 2864 631 2938 neque
648 2837 791 2914 extra.''

228 2962 338 3038 Itane
353 2964 468 3062 igitur
485 2965 758 3063 desperandum
776 2972 845 3052 est,
862 2989 931 3038 nec
945 2970 1102 3038 conatus
1119 2962 1222 3037 adhi-

119 3159 121 3164 ,
175 3089 317 3163 baudi?
368 3089 523 3165 Minime
557 3091 736 3189 gentium.
804 3089 957 3163 Etenim
990 3089 1054 3162 ubi
1089 3088 1222 3185 aliquis

177 3213 434 3290 difficultatem
452 3217 658 3314 agnoverit,
673 3217 753 3314 jam
769 3216 931 3313 primum
948 3215 1117 3313 gradum,
1132 3237 1220 3286 eun-

177 3338 335 3439 demque
352 3341 617 3429 difficillimum,
638 3341 907 3439 superavimus.

678 3550 725 3623 V.

427 3699 634 3774 Concilium
672 3695 966 3771 OEcumenicum.

222 3846 283 3918 Ad
311 3846 383 3919 hoc
414 3871 507 3944 opus
542 3845 812 3920 conficiendum
845 3842 990 3915 nullum
1016 3838 1219 3937 requiritur

172 3967 399 4042 Concilium:
429 3969 609 4066 siquidem
634 3968 727 4040 nihil
750 3967 838 4041 novi
857 3968 1016 4041 habetur
1033 3966 1138 4063 cujus
1155 3965 1212 4038 in-

170 4092 455 4190 vestigationem
484 4091 565 4167 fieri
591 4097 773 4189 oporteat,
802 4092 864 4167 vel
894 4093 940 4166 de
972 4117 1045 4189 quo
1076 4116 1217 4167 novum
