2976 4784
705 317 753 388 43

167 541 169 543 ¹
220 510 328 609 hujus
346 511 483 587 silentii
500 536 684 610 exponere
693 510 843 587 valebit.
896 512 1062 609 Incapax
1077 510 1257 585 reddendi

221 635 403 711 rationem
421 661 487 710 cur
505 637 551 709 ab
569 635 638 710 hac
653 660 746 709 voce
763 635 1026 709 abstinendum
1043 635 1256 722 arbitretur,

220 760 299 858 ipse
316 737 398 832 tum
416 785 438 832 a
456 784 507 846 se,
526 767 608 831 tum
632 761 678 832 ab
702 759 754 832 eis
779 760 999 855 quibuscum
1022 758 1256 855 colloquitur,

221 883 376 956 minoris
403 881 659 954 aestimabitur.
711 881 867 954 Amittit
891 881 1053 953 fructum
1080 882 1158 977 ejus
1184 881 1258 955 dis·

223 1005 367 1101 ciplinae
395 1029 476 1101 quae
503 1003 637 1077 falsum
665 1029 838 1102 spernere
866 1006 1002 1077 docens
1025 1005 1259 1092 vocabulum,

224 1129 473 1225 generationis
498 1153 605 1202 novae
642 1127 761 1225 (paene
796 1126 967 1225 dixerim)
996 1136 1123 1225 partes
1158 1129 1237 1224 agit
1249 1155 1259 1215 ;

223 1277 308 1326 cum
335 1253 492 1350 simplex
517 1253 726 1325 obedientia
752 1252 984 1349 contemptui
1009 1260 1068 1326 est
1102 1253 1263 1326 obnoxia

224 1378 325 1473 apud
340 1376 508 1450 homines
525 1375 634 1473 hujus
651 1376 842 1472 temporis,
862 1400 885 1448 a
903 1375 1036 1472 quibus
1054 1375 1174 1448 omnis
1193 1376 1264 1449 Dei

224 1501 349 1574 cultus
382 1525 449 1597 pro
484 1499 585 1572 mera
620 1500 895 1598 superstitione,
929 1500 1071 1596 Deique
1102 1501 1263 1574 cultores

225 1647 294 1718 pro
308 1623 499 1695 imbecillis
516 1621 713 1694 habentur.
766 1623 879 1695 Hunc
891 1624 969 1718 jam
987 1624 1175 1718 fingamus
1195 1622 1263 1695 Oa·
1399 1643 1401 1647 ’

225 1743 406 1816 tholioum
433 1769 455 1816 a
479 1744 647 1817 Parocho
675 1767 742 1816 suo
773 1745 958 1830 edoctum,
984 1745 1047 1840 qui
1074 1752 1112 1817 et
1137 1746 1217 1840 ipse
1243 1770 1266 1817 a

229 1866 374 1941 Summi
398 1865 589 1939 Pontificis
616 1890 680 1939 ore
706 1867 914 1938 doctrinam
937 1867 1139 1963 receperit;
1166 1867 1265 1942 unde

227 1991 272 2064 fit
294 1998 339 2062 ut
360 1990 578 2062 rationalem
599 2014 762 2062 errorem
779 1989 839 2062 vis
858 1989 1041 2076 Rationis,
1061 2015 1137 2063 non
1154 2014 1266 2063 merae

228 2113 432 2211 Religionis
477 2113 537 2186 vel
580 2111 839 2200 Auctoritatis,
884 2112 1015 2186 calleat
1056 2113 1264 2209 explodere.

229 2238 420 2328 Quantum
463 2235 684 2309 discrimenl
738 2234 826 2333 Ipse
860 2261 937 2308 non
971 2235 1043 2309 alio
1077 2236 1189 2309 modo
1224 2261 1267 2310 ac

228 2361 410 2435 Dominus
461 2360 541 2456 ipse
592 2358 765 2432 Christus
816 2358 1039 2446 Pharisaeos,
1094 2357 1268 2432 Socrates
1320 2428 1323 2433 .

230 2484 425 2584 Sophistas
452 2483 707 2570 convincebat,
739 2483 787 2555 ad
822 2483 1096 2556 convincendos
1139 2485 1268 2557 adver·

230 2610 347 2683 sarios
368 2617 479 2706 aptus
505 2607 722 2682 efficeretur.
775 2607 832 2679 De
854 2606 934 2705 ipsd
956 2609 1057 2681 vocis
1085 2608 1268 2704 significa-

229 2734 331 2807 tione
356 2733 605 2828 interrogans,
628 2738 911 2828 percontaretur
937 2756 1108 2827 quaenam
1133 2733 1271 2804 existat

230 2857 361 2929 relatio
410 2857 510 2928 inter
543 2856 760 2928 methodum
795 2857 981 2951 quandam
1024 2857 1070 2928 de
1111 2855 1270 2928 veritate

233 2979 450 3064 disserendi,
470 2986 508 3049 et
533 2979 754 3051 vocabulum
780 3003 847 3073 per
873 2978 972 3073 quod
996 2985 1122 3050 motus
1149 2978 1270 3074 desig-

233 3109 345 3175 netur
377 3100 590 3172 materialis.
643 3099 798 3173 Definiri
817 3100 967 3194 juberet
991 3107 1074 3170 tum
1099 3124 1271 3197 campum

233 3221 524 3321 geographicum
554 3246 621 3317 per
651 3245 761 3316 quem
789 3220 931 3293 moveri
961 3220 1051 3316 quid
1080 3221 1270 3310 asseritur,

233 3355 315 3420 tum
341 3345 452 3418 etiam
477 3343 565 3440 quid
591 3343 651 3430 sit,
671 3367 856 3439 quamque
872 3342 944 3415 late
962 3350 1101 3440 pateat,
1116 3342 1155 3415 id
1173 3345 1273 3440 quod

235 3477 417 3544 movetur.
469 3465 635 3540 Ulteriirs
661 3492 741 3539 rem
770 3467 950 3563 urgend0,
981 3474 1127 3563 peteret
1144 3468 1273 3562 adum-w

234 3595 443 3668 brationem
473 3591 633 3687 aliquam
659 3590 757 3663 illius
787 3589 906 3662 futuri
938 3591 1118 3687 temporis
1152 3593 1273 3667 adhuc

234 3718 342 3792 nobis
364 3715 496 3814 ignoti,
517 3715 615 3811 quod
640 3739 769 3789 versus
798 3713 1180 3811 “progrediendum''
1202 3724 1272 3790 est.

235 3842 298 3914 Ad
332 3864 544 3939 expressam
573 3838 780 3935 impelleret
810 3839 1097 3913 declarationem
1128 3840 1274 3915 dehoc

237 3966 445 4061 Proprcssc,
464 3962 591 4037 utrirm
607 3988 724 4036 necne
742 3963 792 4036 sit
811 3963 851 4036 in
873 3963 976 4037 recta
991 3963 1051 4038 vie
1076 3965 1124 4038 ad
1148 3964 1273 4061 singu-

236 4088 358 4162 lorum
401 4113 555 4164 casuum
598 4087 784 4176 notitiam,
829 4088 878 4161 ad
919 4094 1090 4162 exactam
1130 4087 1275 4186 Legum
