2976 4784
696 318 742 388 83

198 515 346 606 Quaevis
365 513 624 588 Communitas
645 513 729 611 (nec
751 513 867 587 refert
889 539 1027 611 magna
1043 511 1235 612 parrana)

198 639 229 711 si
245 639 327 712 vult
347 639 453 735 justa
470 637 685 724 existimari,
705 663 725 711 e
744 636 802 710 sui
826 637 948 711 medio
967 647 1096 736 turpes
1115 662 1237 735 segre·

197 789 286 860 gare
317 764 451 849 debet3
485 762 525 834 id
551 769 611 835 est
630 760 1028 836 “excommunicare''
1074 760 1147 851 Qui
1175 762 1238 834 ab·

196 889 349 963 horreat
383 889 429 961 ab
472 888 867 961 excommunicationis
910 888 986 961 telo
1029 886 1239 961 adhibendo

198 1037 351 1086 necesse
369 1021 426 1086 est
452 1020 496 1085 ut
519 1013 565 1085 de
591 1012 663 1086 hoc
690 1037 769 1085 aevo
794 1011 834 1083 in
861 1037 933 1109 quo
958 1011 1127 1108 degimus
1145 1012 1240 1084 malt

192 1139 364 1235 judicet:
421 1162 543 1234 neque
596 1137 698 1210 enim
750 1136 864 1210 latior
910 1147 1082 1233 unquam
1117 1134 1242 1233 patuit

197 1288 350 1360 campus
378 1286 446 1336 nec
475 1262 659 1359 insignior
687 1270 820 1361 parata
836 1266 838 1270 '
855 1270 914 1336 est
944 1287 1082 1337 corona
1111 1261 1241 1359 peritae

197 1388 370 1462 audaciae.
1132 1478 1136 1487 ,

247 1513 514 1610 Unusquisque
552 1513 676 1609 aliquo
712 1514 824 1586 modo
852 1519 1094 1610 ¹potestatem
1127 1511 1242 1584 habet

197 1635 554 1722 excommunicandi,
584 1660 704 1731 neque
739 1635 839 1709 enim
873 1636 980 1708 aliter
1014 1635 1242 1733 probitatem

196 1758 334 1830 retinet
362 1758 427 1830 sed
452 1782 522 1831 nec
545 1759 706 1831 retinere
730 1766 867 1856 potest.
920 1758 1030 1831 Hanc
1059 1766 1242 1831 tesseram

198 1882 268 1954 viri
288 1882 436 1955 honesti
461 1881 654 1969 habemus,
674 1883 774 1978 quod
800 1882 847 1955 ab
872 1881 1063 1954 inhonesti
1087 1880 1241 1954 familia-

197 2005 310 2080 ritate
324 2006 376 2080 'se
403 2006 616 2080 abstineat:
654 2031 735 2102 quae
775 2007 924 2101 quidem
959 2013 1129 2103 potestas
1166 2029 1243 2077 non

197 2131 320 2204 minus
354 2131 522 2230 publicos
567 2156 679 2228 quam
721 2131 891 2229 privatos
934 2155 1057 2204 mores
1100 2138 1240 2204 tuetur.

197 2253 321 2345 Quum
355 2255 582 2353 Reipublicae
628 2254 783 2329 crimina
831 2255 907 2328 sint
955 2255 1068 2328 etiam
1103 2255 1243 2328 scelera

195 2380 438 2477 privatorum,
459 2380 499 2453 id
517 2381 616 2476 quod
635 2382 721 2454 vere
740 2380 1064 2454 administratores
1082 2387 1240 2466 coercet,

195 2514 265 2592 est,
285 2507 385 2603 quod
402 2505 570 2579 vitentur
589 2507 635 2579 ab
652 2507 859 2580 honoratis.
970 2535 971 2540 ¹

245 2633 299 2734 At
324 2631 434 2727 longe
461 2631 569 2703 aliter
594 2655 654 2704 res
686 2655 726 2705 se
754 2631 870 2703 habet
896 2630 962 2704 ubi
989 2632 1035 2704 de
1062 2630 1181 2704 Roma
1197 2630 1242 2703 fit

196 2756 364 2850 quaestio.
419 2755 512 2828 Haec
530 2755 696 2829 Ecclesia
722 2757 870 2829 anullo
898 2755 1087 2830 Gubernio
1102 2756 1241 2831 limites

198 2879 314 2950 sumit
328 2905 338 2964 ;
367 2903 487 2975 neque
507 2879 607 2974 quod
624 2879 767 2975 profert
779 2878 971 2975 judicium,
991 2879 1039 2952 ad
1055 2887 1241 2977 tempora-

196 3002 270 3073 lem
295 3000 414 3098 ipsius
441 3002 623 3076 ditionem
648 3002 829 3074 refertur:
858 3002 905 3075 ab
935 3003 1084 3099 injustis
1103 3003 1242 3076 etenim

196 3124 316 3212 bellis,
352 3125 465 3198 immo
503 3127 550 3198 ab
594 3125 766 3199 omnibus
806 3150 846 3200 se
889 3127 1053 3200 abstinet
1066 3153 1076 3212 ;
1120 3151 1241 3222 neque

196 3274 362 3346 unquam
391 3249 439 3322 ad
469 3250 562 3323 fines
592 3250 802 3323 dilatandos
833 3274 901 3323 usa
931 3258 989 3324 est
1019 3240 1242 3325 auctoritate
1314 3341 1318 3350 Ι

198 3373 275 3461 sud,
296 3374 384 3447 olim
400 3374 493 3446 nulli
509 3399 578 3472 per
595 3374 785 3471 Europam
804 3375 987 3449 secundat:
1016 3399 1137 3471 neque
1154 3399 1254 3448 con-·

198 3499 290 3573 siliis
307 3499 380 3572 illis
399 3498 629 3596 Legatorum
648 3523 688 3571 se
708 3524 833 3596 nuper
843 3485 1056 3587 immiscuit,
1075 3524 1142 3597 per
1159 3502 1242 3598 quae'

195 3623 429 3722 periclitatur
446 3623 598 3696 libertas
623 3647 700 3695 non
718 3622 872 3697 minoris
897 3622 1046 3696 tantum
1064 3624 1241 3721 'cujusque

197 3748 435 3845 Reipublicae,
453 3749 584 3820 verbm
601 3747 715 3821 etiam
732 3747 988 3821 maximarum.

248 3873 414 3946 Ecclesia
438 3871 556 3969 igitur
582 3873 752 3946 Romana
780 3871 878 3946 foras
904 3851 994 3970 agit,
1014 3899 1090 3947 non
1115 3874 1217 3948 intbs
1228 3901 1239 3964 ;

199 3993 297 4068 fords
315 4004 441 4069 autem
459 4021 587 4071 omnes
605 3996 746 4094 pariter
772 3997 936 4094 attingit.
989 3997 1063 4071 Hic
1079 3999 1241 4072 influxus

199 4119 379 4217 majorem
404 4121 481 4195 vim
510 4122 654 4196 obtinet
687 4122 726 4193 in
759 4122 885 4218 regnis
920 4122 1033 4196 fidem
1062 4124 1241 4199 Roman'ae
