2976 4784
716 327 761 404 72

213 529 375 629 propriis
395 526 578 628 judicium
596 518 935 615 'feruntmoribus
966 518 1043 603 non
1070 528 1181 603 uliam
1208 533 1257 606 ob

215 679 366 729 causam
384 652 527 726 Turcas
554 652 602 725 ab
628 653 869 750 aggressione
895 660 935 726 et
955 652 1050 726 dolis
1067 653 1257 730 abstinere

214 802 326 874 quam
344 775 444 874 quod
467 775 561 874 ipsis
588 776 704 850 ceteri
730 777 836 850 dolos
861 776 1062 850 intentant.
1113 779 1169 851 At
1184 779 1256 853 hoo

214 899 362 972 admitti
386 899 538 972 minime
564 906 713 996 potest:
743 899 899 973 sublatis
923 900 1022 973 enim
1047 899 1126 997 ejus
1144 901 1255 976 mori·

212 1024 283 1098 bus
301 1032 340 1098 et
356 1024 492 1112 indole,
512 1024 655 1099 anullo
680 1024 887 1099 Potentatu
910 1026 1030 1122 majus
1052 1025 1255 1123 periculum

214 1149 375 1245 Europae
393 1148 636 1234 incubuisset,
657 1173 767 1245 quam
794 1149 841 1221 ab
867 1173 910 1223 eo
938 1148 998 1222 cui
1022 1157 1160 1247 praeter
1183 1150 1255 1225 loci

214 1272 545 1370 opportunitatem,
558 1271 738 1346 suasisset
749 1272 864 1347 libido
875 1273 1070 1347 commoda
1080 1264 1253 1371 augendi,

213 1397 274 1471 vel
291 1405 464 1494 acceptas
481 1397 634 1494 injurias
647 1396 870 1470 vindicandi.
924 1397 1146 1497 Exemplum
1160 1399 1253 1472 desi·

214 1520 346 1594 doras?
398 1519 458 1592 En
476 1519 545 1593 tibi
562 1520 783 1617 praeclarum
801 1522 1252 1621 exann01812petitum,
1348 1544 1351 1548 ’

215 1644 359 1720 Turoiae
377 1645 595 1718 multatum
612 1670 635 1717 a
652 1643 770 1718 Gallia
795 1652 875 1717 tum
903 1646 949 1718 ab
967 1645 1104 1743 Anglit
1120 1671 1253 1743 passae,

212 1769 411 1867 proposuit
446 1768 585 1849 Russia
619 1777 773 1865 pactum
807 1768 1012 1842 ineundum
1049 1771 1153 1867 cujus
1181 1770 1254 1844 vir-

213 1899 296 1966 tute
330 1893 468 1966 bellum
498 1891 770 1989 susciperetur:
815 1892 914 1965 terra
946 1893 1114 1991 marique
1139 1893 1254 1992 copiis

213 2008 370 2102 collatis,
402 2015 540 2089 classes
575 2015 782 2112 conjunctae
810 2039 913 2088 mare
937 2015 1255 2090 Mediterraneum

212 2138 511 2236 ingrederentur,
538 2137 723 2212 exercitus
749 2137 1024 2213 Lombardiam.
1077 2139 1125 2213 Id
1155 2141 1254 2239 quod

213 2263 423 2337 somniabat
436 2261 524 2336 olim
533 2261 774 2336 Mahumetus
785 2262 854 2350 IL,
869 2262 1074 2336 Turcarum
1087 2265 1253 2339 oblatum

212 2393 271 2459 est
289 2384 416 2472 eculin,
435 2410 508 2482 quo
526 2410 603 2459 non
621 2385 733 2458 Italia
758 2387 908 2459 tantdm
932 2388 1127 2461 sedetiam
1144 2387 1251 2462 meri·

212 2508 376 2581 dionales
405 2507 534 2582 Galliae
560 2509 760 2607 provinciae
786 2510 979 2585 ambitioni
1005 2535 1080 2584 suaa
1103 2510 1256 2584 exhibes

210 2640 352 2705 rentur.
405 2631 487 2723 Qut
504 2633 550 2706 de
566 2657 608 2706 re
621 2634 826 2708 communis
843 2634 1106 2708 nonnullorum
1120 2628 1254 2708 sensus

212 2754 379 2829 sufficere
391 2756 557 2852 profecto
574 2758 759 2857 potuisset
776 2759 825 2832 ad
841 2757 1080 2856 rejiciendum
1098 2782 1250 2856 sugges·

209 2877 332 2951 tiones
350 2880 574 2954 tentatoris:
608 2881 665 2955 sin
691 2890 817 2966 autem
842 2882 882 2955 in
907 2882 1052 2955 Drvuno
1076 2881 1252 2958 inventus

210 3001 343 3076 fuisset
377 3003 510 3101 aliquis
554 3004 731 3094 Kxonrrz,
767 3006 900 3094 Buosr,
935 3006 996 3080 vel
1038 3008 1250 3096 B1snasox3

210 3126 318 3199 dolus
351 3133 478 3200 tamen
512 3128 625 3201 etiem
657 3128 869 3226 hujusmodi
900 3129 1105 3218 hominum,
1141 3140 1253 3230 atque

209 3251 412 3349 corruptio,
426 3252 465 3324 in
479 3253 673 3351 proprium
685 3253 852 3349 ipsorum
870 3254 1030 3328 dedecus
1049 3255 1249 3329 evasisset:

208 3372 247 3446 in
274 3373 337 3447 illa
357 3373 477 3450 Gente
507 3377 572 3450 ubi
600 3401 668 3475 per
697 3376 818 3474 Leges
848 3376 1031 3449 sancitum
1057 3376 1170 3449 fuerit
1194 3384 1248 3462 ut,

209 3497 299 3571 talia
316 3508 517 3597 antequam
543 3499 754 3575 executioni
778 3499 1058 3585 mandarentur,
1077 3498 1123 3570 de
1148 3497 1193 3569 iis
1210 3497 1250 3569 in

208 3621 356 3719 publico
374 3647 553 3697 consessu
570 3630 794 3721 rogarentur
811 3620 1004 3695 sententiae
1022 3618 1198 3707 omnium,
1211 3629 1251 3694 et

209 3744 334 3818 debita
352 3771 419 3843 per
436 3747 584 3820 Fnrvsn
602 3746 801 3819 haberetur
817 3741 1052 3841 approbatio:
1073 3742 1249 3818 Summus

207 3864 450 3966 Imperatoris
468 3867 616 3944 Turcici
643 3865 895 3953 Consiliarius,
921 3864 985 3937 ubi
1012 3874 1186 3963 ageretur
1203 3868 1249 3943 de

206 3989 276 4062 ille
286 3987 778 4086 conventioneBelgradicb,
796 3989 1023 4063 Austrorum
1040 3989 1249 4068 Gallorum·

206 4137 277 4208 que
288 4114 451 4210 Legatos
468 4114 672 4207 alloquens,
687 4111 808 4188 dixit:
837 4120 861 4154 “
872 4113 1056 4190 Nostrum
1065 4116 1249 4215 ignoratis

83 4290 343 4504 Λ
