2976 4784
705 362 776 438 107

217 569 321 644 Juris
355 569 528 644 cautione
562 565 744 665 neglecta,
781 566 871 640 dum
913 564 1015 639 aliud
1054 561 1262 638 Concilium

220 694 419 782 Secretius,
442 691 608 791 (chiaet
626 690 788 788 doceat)
809 691 910 788 quod
920 690 1120 788 appellant,
1133 688 1263 761 furtim

218 819 290 892 fuit
309 820 566 916 subrogatum,
587 818 678 891 ordo
697 816 859 903 evanuit,
879 823 918 889 et
929 815 1027 889 bella
1044 814 1124 888 sine
1140 812 1269 906 causti,
1310 792 1317 802 ’

221 943 301 1016 sine
313 942 470 1040 justitia,
488 943 611 1017 locum
629 933 885 1016 obtinuerunt.

271 1068 371 1141 Hinc
388 1067 469 1141 fieri
484 1073 611 1165 potest
627 1073 671 1138 ut
695 1066 834 1141 bellum
851 1064 1039 1162 quoddam
1054 1061 1263 1160 legitimum

221 1190 283 1280 sit,
291 1192 438 1289 justum
449 1201 487 1266 et
496 1191 759 1280 necessarium,
767 1190 868 1288 quod
879 1191 928 1263 ad
939 1191 1088 1264 hostem
1100 1193 1263 1287 spectat;

220 1318 392 1415 idemque
410 1318 663 1405 criminosum,
677 1317 801 1415 quoad
817 1318 917 1392 cives
936 1325 975 1390 et
991 1315 1201 1389 Ministros,

270 1442 372 1515 Dum
388 1443 504 1540 igitur
530 1443 660 1516 studet
683 1441 858 1516 Pontifex
882 1441 1034 1539 negotia
1057 1439 1105 1512 ad
1122 1443 1264 1512 certam

222 1543 420 1662 quamdam
446 1568 623 1642 reducere
652 1592 834 1655 normam,
861 1567 943 1640 haec
969 1564 1264 1639 animadvertere

223 1690 358 1776 debet3
387 1692 495 1763 etad
523 1690 637 1763 hasce
664 1691 785 1788 Leges
810 1689 1077 1764 restaurandas
1098 1687 1264 1783 obligare

225 1813 365 1888 Gentes
382 1813 477 1903 illas,
496 1814 596 1887 inter
612 1839 705 1911 quas
722 1814 974 1888 inveniuntur.
1161 1824 1162 1828 ’

274 1938 357 2013 Hac
388 1940 420 2012 si
446 1947 576 2037 ageret
602 1939 759 2029 ratione,
778 1941 862 2039 plus
885 1939 1083 2038 proficeret
1100 1936 1199 2009 Para
1216 1935 1265 2008 ad

223 2065 407 2138 malorum
423 2064 715 2162 impeditionem,
735 2066 835 2163 quod
858 2065 907 2138 ad
922 2062 1099 2161 Angliam
1116 2060 1264 2147 attinet,

227 2187 337 2286 quam
356 2189 388 2264 si
403 2190 523 2287 magis
542 2189 680 2264 directe
697 2216 808 2289 agere
825 2197 1036 2266 conaretur.

275 2315 357 2389 Hac
374 2317 486 2413 porro
516 2315 768 2414 suggestione,
796 2324 839 2389 ut
865 2315 965 2391 cives
979 2314 1151 2393 ,omnium
1169 2311 1268 2392 Gen·

224 2439 320 2513 tium
337 2440 501 2538 Legibus
520 2448 559 2515 et
575 2441 811 2515 libertatibus
830 2441 907 2517 suis
925 2447 1083 2514 utantur
1108 2439 1157 2513 ad
1173 2445 1267 2512 tem-

224 2566 410 2662 perandos
435 2565 553 2665 ipsius
587 2564 771 2664 Principis
806 2565 1014 2655 Ministros,
1042 2572 1081 2639 et
1106 2572 1161 2653 ut,
1188 2563 1269 2640 haec

225 2690 382 2786 agend0,
403 2691 514 2765 finem
531 2692 728 2790 imponant
751 2691 906 2788 injuriis,
929 2690 1054 2789 ipsum
1070 2690 1197 2764 anu
1213 2690 1269 2762 in·
1383 2740 1386 2747 ·

225 2813 412 2887 tervenire
424 2817 667 2912 poscentibus
683 2815 814 2889 2-ht0
826 2817 1067 2912 suggestione
1076 2823 1160 2887 tum
1171 2816 1271 2888 viam

227 2934 430 3008 faciliorem
458 2936 640 3010 indicabit
669 2940 853 3011 Poumrax
883 2937 932 3010 ad
958 2944 1130 3035 optatum
1157 2938 1270 3010 finem

228 3057 485 3147 obtinendum,
504 3067 587 3133 tum
604 3062 663 3135 vel
675 3061 834 3133 maxime
852 3062 997 3135 cavebit
1015 3067 1146 3134 contra
1162 3061 1269 3135 haesi·

227 3181 398 3270 tantiam,
434 3184 735 3281 repugnantiam,
772 3192 811 3258 et
845 3185 1150 3283 vituperationes,
1190 3210 1273 3283 quae

227 3307 386 3381 forsitan
399 3333 446 3381 ex
459 3309 537 3406 ejus
551 3310 686 3408 agendi
698 3309 844 3385 ratione
855 3317 944 3384 sunt
955 3317 1150 3385 secuturae.
1186 3312 1273 3386 Hoc

228 3434 361 3507 saltem
384 3435 556 3509 omnibus
582 3434 821 3508 manifestum
847 3434 969 3524 faciet,
1002 3434 1207 3532 Imperium
1233 3460 1273 3511 se

227 3558 329 3631 haud
347 3559 620 3656 concupiscere,
641 3560 761 3633 scelus
779 3567 905 3634 autem
922 3560 1114 3634 detestari.

279 3682 507 3780 Diplomatid
528 3685 607 3783 jam
625 3685 747 3759 Roma
768 3709 846 3759 non
876 3693 990 3774 caret,
1008 3710 1079 3760 nec
1112 3683 1277 3784 Collegio

228 3807 502 3906 Diplomatico;
529 3818 683 3884 nonest
705 3809 823 3907 igitur
850 3835 916 3885 cur
933 3811 1017 3909 quis
1035 3810 1197 3909 objiciat,
1216 3812 1277 3886 vel

228 3933 371 4006 timeat.
425 3934 474 4008 In
499 3934 569 4009 hoc
585 3934 744 4032 ‘quidem
773 3935 937 4032 Collegio
956 3938 1002 4009 de
1030 3935 1275 4010 Concordatis

230 4057 367 4154 agitur,
387 4065 426 4132 et
443 4060 489 4134 de
506 4061 618 4134 rebus
635 4060 843 4158 religiosis3
867 4087 943 4134 non
962 4062 1007 4135 de
1024 4060 1225 4133 foederibus
1239 4067 1278 4134 et

229 4183 341 4257 rebus
372 4184 620 4261 saecularibus.
675 4186 802 4261 Nihilo
832 4183 955 4258 minus
989 4185 1117 4258 existit
1145 4184 1277 4260 funda·
