2976 4784
725 333 772 409 65

232 559 235 580 s
270 530 325 607 Ut
350 540 476 606 autem
497 530 549 605 adv
572 529 645 605 hoo
662 531 890 619 deveniatur,
908 554 1061 606 necesse
1086 539 1145 606 est
1161 539 1206 606 nt
1221 532 1268 607 id

219 656 380 755 perfecte
414 663 454 730 et
488 655 657 730 absolute
690 680 911 755 persuasum
944 655 1139 743 habeatur,
1167 655 1263 730 nihil

220 781 372 880 prorsirs
398 781 523 857 valere
553 780 810 878 quodeunque,
839 779 879 853 in
903 778 972 853 hto
1006 778 1082 877 qud·
1102 779 1265 854 vivimus

221 912 344 992 aetate,
363 930 431 1003 pro
449 902 487 977 vi
503 901 715 978 intellectis
728 911 935 1001 reputetur,
951 903 1127 1000 cultuque
1144 903 1265 1002 philos

222 1028 385 1126 sophico.
422 1027 544 1119 Quam
561 1028 632 1102 sibi
648 1027 928 1126 persuasionem
945 1028 1143 1125 unicuique
1155 1052 1262 1102 suam

220 1151 341 1226 faeere
368 1151 506 1239 licebit,
537 1151 647 1226 modo
674 1152 765 1226 velit
791 1153 851 1225 vel
868 1177 982 1225 unam
1005 1152 1169 1226 auctoris
1197 1151 1262 1225 ali-

221 1278 325 1375 cujus
342 1277 513 1351 hodierni
531 1277 755 1351 sententiam
773 1301 929 1365 sumere,
944 1284 982 1350 et
998 1276 1123 1349 omnia
1141 1277 1264 1350 delere

219 1400 402 1475 voeabula
436 1426 518 1498 quae
553 1426 600 1474 ex
642 1400 773 1475 Graeco
799 1401 1034 1491 ,deriventur
1067 1400 1170 1474 fonte
1204 1400 1264 1475 vel

221 1524 369 1598 Latine.
433 1524 543 1615 Quod
584 1525 770 1622 reliquum
813 1532 872 1599 est
913 1527 1089 1624 legatur:
1135 1523 1263 1600 omissi

222 1647 370 1721 termini
389 1647 436 1720 ad
453 1648 547 1720 nihil
562 1648 762 1721 inservisse
779 1656 1003 1735 cernentur3
1028 1648 1265 1745 significatio·

225 1770 348 1866 siqua
373 1769 505 1857 adfuit,
532 1771 649 1843 libera
680 1771 857 1857 manebit,
884 1770 1040 1844 fallaciae
1065 1770 1266 1843 denudatae

222 1895 492 1992 relinquentur.

189 1998 191 2004 ⁸
274 2019 374 2091 Ante
391 2018 518 2091 oeulos
535 2016 651 2113 igitur
673 2015 866 2090 hominum
883 2015 922 2089 id
938 2014 1028 2114 poni
1045 2017 1168 2103 debet,
1183 2015 1275 2091 illas·

224 2141 493 2241 speculationes
508 2141 641 2238 quibus
658 2140 769 2215 hodie
785 2139 898 2238 vulgi)
914 2140 1154 2228 incumbitur,
1167 2140 1274 2243 quod
1310 2183 1312 2187 .

224 2269 273 2341 ad
298 2266 466 2365 politiam
496 2266 644 2354 attinet,
676 2290 758 2340 esse
783 2265 933 2354 futiles;
961 2266 1011 2338 ad
1033 2264 1268 2362 Religionem

224 2398 263 2464 et
274 2415 420 2464 morum
431 2391 594 2488 regulas,
615 2390 875 2477 detestabiles3
904 2384 1138 2487 easdemque,
1156 2389 1270 2463 intel·'

221 2514 323 2614 leotu
334 2513 456 2602 tenus,
472 2515 605 2612 dignas
620 2538 701 2589 esse
712 2539 794 2611 quae
809 2514 1041 2612 contemptui
1051 2514 1263 2589 tradantur.

273 2637 365 2729 Quae
408 2639 565 2737 proinde
608 2639 744 2729 omnia,
792 2664 838 2712 ex
888 2638 1158 2737 Metaphysiois
1203 2640 1265 2713 de·

224 2770 375 2860 sumpta
393 2761 610 2859 disciplinis,
635 2761 738 2859 priris
756 2761 954 2835 tractanda
981 2769 1072 2835 sunt
1098 2760 1278 2836 Concilio·

218 2885 298 2982 jam
314 2885 467 2958 indicto

276 3008 387 3099 Quod
409 3007 457 3080 ad
482 3008 621 3081 seelera
647 3014 805 3106 spectat,
823 3008 1109 3080 fundamentum
1126 3006 1277 3104 pariter

219 3131 366 3230 jactum
382 3138 452 3217 est,
473 3155 557 3203 oum
584 3131 766 3203 Ponnrax
791 3131 969 3203 Ronanus
990 3154 1102 3228 suam
1118 3129 1158 3202 in
1176 3154 1263 3204 con·

225 3254 400 3331 scientias
418 3255 680 3329 auctoritatem
690 3253 928 3350 proclamdrit
940 3279 1017 3327 non
1032 3252 1265 3350 singulorum

134 3383 138 3389 '
224 3381 386 3466 tantum,
408 3380 474 3452 sed
492 3387 530 3451 et
549 3377 880 3465 (immunitatum,
896 3375 1085 3465 Gentium,
1098 3377 1265 3475 ipsorum

225 3505 383 3601 denique
413 3502 641 3600 Principum.
694 3501 804 3576 Hane
838 3506 964 3575 autem
1002 3501 1271 3576 auctoritatem·
1311 3599 1313 3605 Ι

224 3628 390 3703 nondum
407 3627 562 3703 deduxit
588 3628 636 3700 ad
662 3635 788 3701 aetum
800 3653 810 3714 ;
837 3650 907 3700 neo
932 3626 1119 3700 deducere·
1141 3634 1272 3725 potest·

225 3762 428 3852 antequam·
486 3753 566 3827 Lex
625 3752 708 3850 ipsa
762 3751 874 3826 fuerit
938 3752 1090 3850 praecise
1143 3752 1265 3850 desig·

224 3885 325 3951 nata.
391 3875 502 3968 Quod
537 3877 686 3974 quidem
721 3877 801 3950 fieri
835 3884 985 3975 oportet
1026 3901 1103 3950 non
1146 3875 1268 3950 soldm

227 3981 350 4097 quoad
366 4001 482 4087 Bella,
501 4002 632 4076 verum
650 4001 763 4076 etiam
782 3998 905 4099 quoad
922 4001 1152 4099 Legatorum
1170 3998 1266 4074 Con·

225 4148 390 4221 gressus,
425 4125 593 4215 Foedera,
628 4126 851 4200 Protoeolla.
904 4123 1066 4214 Etenim,
1104 4131 1149 4199 ut
1175 4122 1268 4197 nihil

739 4269 753 4320 1
