2976 4784
709 285 755 358 73

217 485 548 560 administrationis
573 509 739 559 morem:
768 507 889 581 neque
914 482 1013 556 enim
1041 481 1257 556 Constanti·

216 609 353 706 nopoli‚
374 611 470 684 siout
495 609 648 683 Parisiis
664 609 723 683 vel
741 608 909 696 Viennae‚
929 631 1027 680 unus
1046 613 1084 679 et
1100 605 1195 679 alter
1213 606 1259 677 de

216 733 317 808 omni
333 760 374 807 re
391 732 666 808 constituunt‚'’

266 857 359 932 Haeo
385 859 563 931 Romanae
592 854 927 930 administrationis
952 853 1049 927 ratio
1077 853 1124 926 ab
1152 850 1259 924 initio

217 981 390 1053 omnibus
414 982 486 1054 fuit
513 981 736 1055 eommunis:
773 981 813 1051 in
833 978 903 1052 hec
925 1004 966 1052 re
992 977 1152 1051 Romani
1177 985 1259 1048 tan·

216 1103 297 1177 tim
335 1105 470 1178 imitati
507 1114 595 1179 sunt
638 1104 811 1201 antiquas
856 1102 1008 1190 Gentes,
1052 1099 1260 1199 praesertim

217 1227 411 1302 Etruscos.
463 1229 544 1304 Neo
562 1230 671 1303 aliter
697 1229 828 1302 reveri
850 1229 887 1300 in
915 1228 1021 1325 praxi
1046 1234 1165 1323 agunt
1181 1225 1260 1296 An·

217 1352 280 1448 gli.
334 1353 381 1426 In
401 1353 538 1451 Anglit
566 1353 705 1427 etenim
731 1377 809 1425 non
831 1351 901 1424 alis
917 1351 1063 1425 ratione
1077 1348 1260 1446 judioium

217 1477 407 1572 privatum
435 1477 632 1566 dirimitur,
660 1477 725 1549 ubi
749 1477 811 1551 vel
839 1475 1070 1550 Gubernium
1095 1474 1155 1547 vel
1180 1473 1261 1569 ipse

219 1599 301 1672 Rex
320 1602 459 1674 actoris
485 1609 613 1698 partes
642 1601 753 1699 gerit,
782 1625 825 1674 ao
854 1601 887 1673 si
916 1600 1015 1673 inter
1040 1600 1176 1674 idiotas
1201 1620 1261 1670 res

219 1731 378 1818 egatur3
415 1724 587 1820 idemque
604 1725 648 1796 fit
671 1725 736 1795 ubi
756 1724 817 1796 vel
842 1722 1070 1796 Gubernium
1094 1721 1155 1793 vel
1180 1720 1263 1792 Rex

218 1847 312 1943 ipse,
344 1870 430 1919 reus
461 1846 528 1919 fiat
557 1872 604 1920 ex
629 1847 810 1942 petitione
837 1846 986 1918 idiotae:
1018 1844 1146 1916 eidem
1163 1841 1262 1915 enim

218 1971 370 2044 ratione
404 1996 533 2045 omnes
568 1979 695 2068 partes
729 1997 752 2044 a
779 1971 906 2067 judice
940 1976 1163 2054 tractantur,
1199 1965 1264 2062 qui

222 2090 401 2165 Gubernii
418 2093 581 2189 Regisve
605 2101 713 2167 aetus
739 2093 927 2166 trutinans
950 2091 1173 2165 sententiam
1192 2091 1264 2162 fert

220 2241 289 2313 pro
316 2224 424 2314 parte
453 2216 643 2304 alterutri,
669 2216 779 2314 juxta
808 2241 868 2290 res
895 2224 1023 2314 gestas
1050 2225 1089 2290 et
1119 2215 1263 2311 Legum

220 2340 423 2413 cautiones.

133 2468 135 2472 '
269 2463 349 2536 Nec
367 2463 438 2536 alit
460 2463 606 2537 ratione
624 2464 804 2560 judicium
830 2441 949 2538 fertur
975 2463 1121 2560 quoties
1147 2463 1194 2534 de
1218 2461 1264 2534 iis

220 2587 341 2658 modis
372 2588 507 2683 agendi
538 2589 718 2684 quaeritur
745 2589 878 2684 quibus
901 2587 996 2661 Belli
1021 2612 1158 2661 nornen
1182 2610 1265 2683 per·

219 2734 349 2806 peram
377 2712 548 2787 additur:
579 2713 724 2808 quoties
741 2713 916 2787 videficet
932 2712 992 2785 vel
1007 2712 1154 2808 Angliae
1180 2710 1267 2782 sub-

222 2834 323 2906 ditos
341 2836 546 2931 attingunt,
564 2836 625 2909 vel
647 2845 860 2910 exterarum
888 2835 1102 2924 Civitatum,
1122 2843 1161 2908 et
1179 2841 1268 2906 sunt

222 2958 404 3054 ejusmodi
421 2967 464 3030 ut
483 2960 529 3031 de
545 2959 590 3032 iis
606 2960 692 3031 lites
704 2960 789 3055 jure
808 2966 1038 3032 moveantur.

273 3080 456 3176 Tempore
483 3080 598 3152 Primi
617 3081 714 3154 Belli
741 3082 839 3155 inter
858 3080 1034 3154 Sinenses
1056 3087 1095 3153 et
1111 3080 1268 3175 Anglos,

221 3203 268 3277 lis
287 3205 455 3300 quaedam
481 3212 613 3277 exorta
635 3212 695 3277 est
720 3213 875 3301 propter
888 3229 952 3303 ,res
970 3211 1097 3300 gestas
1115 3229 1138 3275 a
1155 3202 1270 3298 copiis

222 3328 468 3415 militaribus3
505 3336 544 3402 et
574 3329 621 3402 de
651 3352 696 3402 eo
722 3330 876 3426 praeoise
912 3328 984 3401 suit
1013 3328 1269 3424 judicandum,

222 3452 350 3525 utrum
369 3477 450 3549 qnae
469 3459 577 3549 geste
603 3460 693 3526 sunt
715 3478 785 3550 pro
812 3453 908 3526 bello
929 3452 1095 3549 legitimo
1116 3457 1271 3547 possent

223 3576 364 3650 haberi.
419 3574 602 3649 Omnibus
621 3577 750 3650 eadem
769 3575 955 3650 sententia
979 3575 1050 3650 suit
1070 3574 1270 3671 judicibus,

223 3702 365 3773 nullum
382 3701 555 3774 restitisse
573 3701 702 3774 bellum
720 3701 926 3796 lepitimum.

274 3823 353 3897 Neo
378 3823 487 3896 aliter
512 3825 707 3921 respondit
732 3825 895 3922 inclytus
918 3822 1189 3910 Mansfieldius,
1208 3820 1273 3893 ubi

225 3947 272 4020 de
293 3947 444 4043 injurii,
465 3948 584 4022 Danis
608 3951 832 4046 quibusdam
858 3975 881 4022 a
908 3947 1095 4023 Gubernio
1113 3945 1272 4042 Anglieo

226 4070 348 4158 allati,
367 4071 656 4171 disceptaretur.
709 4075 816 4148 Dixit
846 4074 978 4172 aliquis
1007 4072 1132 4149 omnia
1159 4070 1274 4145 fuisse

781 4221 807 4270 Κ
