2976 4784
724 334 772 404 99

219 556 302 605 cere
340 531 491 605 deberet
521 540 566 605 ut
594 533 728 606 ceteris
762 533 919 609 nocivus
948 544 1049 610 esset
1082 538 1260 611 Potenta·

218 656 332 729 tibus.

267 780 322 852 At
337 781 426 854 verb
442 781 625 854 Ponumnx
642 807 833 878 nunquam
850 784 1083 881 approbavit,
1096 784 1259 872 admisit,

218 929 339 1001 neque
368 905 539 979 adhibuit
568 912 592 945 “
607 906 839 1004 Temporalis
873 908 1038 981 Dominii
1052 909 1074 940 ”
1111 934 1260 983 nomeu.

219 1028 441 1126 Ubicunque
465 1031 512 1104 de
532 1030 740 1104 Dominatu
768 1057 836 1106 suo
857 1034 973 1107 verba
993 1033 1094 1120 facit,
1115 1033 1262 1108 “Civile

221 1152 425 1251 Imperium
439 1153 462 1186 '’
499 1155 590 1229 dicit
622 1157 682 1230 vel
712 1164 735 1196 ‘⁶
750 1156 1010 1254 Principatum
1041 1157 1260 1232 civilem.”*
1352 1159 1356 1165 ’

220 1279 305 1351 Vox
348 1287 373 1319 “
392 1280 613 1378 Temporale
656 1281 911 1369 Dominium,''
958 1283 991 1355 ei
1034 1283 1181 1380 quandb
1223 1284 1263 1355 in

222 1403 374 1501 scriptis
408 1404 593 1502 reperitur
627 1404 846 1494 Pontifioiis,
879 1406 928 1478 ad
950 1406 1173 1503 temporalia
1206 1431 1264 1479 re·

222 1528 332 1625 spicit
352 1528 506 1624 judicia,
528 1536 567 1601 et
592 1529 641 1600 ad
666 1529 820 1603 effectus
846 1532 1264 1605 excommunicationem

222 1655 458 1747 sequentes.†
510 1653 643 1725 Utitur
656 1662 783 1725 autem
792 1654 862 1726 hec
878 1679 970 1727 voce
987 1656 1092 1752 Papa
1107 1656 1263 1751 loquens

223 1774 270 1847 de
286 1773 485 1848 Guberniie
503 1800 613 1848 aeuo
631 1776 800 1850 diversis.

273 1897 347 1988 Qui
371 1926 395 1971 a
418 1899 588 1973 veritatis
606 1900 820 1996 cognitione
847 1926 924 1973 non
949 1902 1163 1991 abhorrent,
1183 1928 1265 1976 eam

222 2049 268 2096 ex
286 2023 405 2097 Danie
432 2024 605 2120 colligere
629 2033 801 2121 possunt.
854 2024 914 2097 Ibi
942 2027 1030 2100 licet
1056 2028 1266 2124 perspicere

223 2149 296 2245 qud
306 2149 463 2236 ratione,
475 2149 578 2222 hisce
594 2150 634 2220 in
646 2149 819 2247 negotiie,
835 2150 972 2223 Ruesia
982 2175 1023 2224 se
1039 2177 1167 2248 gerere
1181 2176 1266 2226 con-

223 2274 397 2348 sueverit.
443 2275 709 2348 Convenerunt
727 2283 750 2314 ‘⁶
765 2275 991 2350 Potentatus
1006 2275 1029 2307 ”
1048 2284 1093 2351 ut
1106 2277 1267 2374 aliquem

223 2400 463 2473 candidatum
487 2399 750 2497 imponerent;
779 2402 828 2474 ad
854 2426 964 2497 quem
992 2402 1266 2476 admittendum

222 2505 429 2598 immutatae
443 2535 532 2604 suut
546 2526 648 2623 leges
665 2526 835 2599 internae.
889 2526 1009 2616 Quem
1027 2527 1267 2600 candidatum

221 2650 307 2724 licet
324 2652 461 2724 Ruesia
482 2651 742 2739 nominaverit,
760 2651 843 2750 ipsa
862 2659 992 2726 tamen
1017 2653 1158 2726 nullam
1183 2678 1267 2750 par·

223 2783 303 2848 tem
326 2775 367 2847 in
384 2802 428 2850 eo
445 2777 598 2872 negotio
625 2802 666 2849 se
691 2776 831 2850 habere
857 2779 985 2874 aperte
1009 2779 1179 2875 professa
1195 2786 1266 2851 eet.

225 2897 363 2970 Russia
373 2901 453 2994 jam
463 2898 594 2970 Dauiae
607 2898 770 2985 domina,
784 2898 824 2970 id
835 2898 948 2972 habet
959 2901 1155 2985 commodi,
1168 2901 1269 2995 quod

225 3046 336 3095 nemo
354 3047 436 3096 eam
453 3022 637 3095 dominari
653 3023 784 3095 cernit.
839 3019 931 3110 Quae
951 3048 1037 3096 cum
1054 3032 1268 3121 agerentur,

226 3145 464 3219 fraudulenti
491 3145 650 3242 quddam
685 3145 960 3243 amphibologia
991 3148 1048 3219 uti
1081 3148 1268 3220 debebant

227 3272 410 3360 homineS,
429 3270 502 3367 qud
521 3270 790 3369 praedicaretur
806 3270 938 3344 Dauiae
955 3272 1168 3368 integritaa

276 3397 457 3470 Attamen
483 3395 654 3493 quisnam
680 3395 741 3468 vel
770 3395 955 3469 somniare
977 3396 1143 3493 potuerit
1167 3397 1270 3493 quic·

227 3545 339 3617 quam
356 3526 489 3594 contra
511 3518 671 3591 Daniam
700 3518 848 3615 agitari,
867 3519 980 3592 etiam
1006 3519 1070 3593 illo
1095 3519 1178 3618 ipso
1195 3520 1268 3609 die,

228 3647 274 3717 11
303 3644 406 3734 Maii,
438 3645 550 3732 1852,
581 3643 646 3715 ubi
680 3640 890 3717 conventio
918 3668 985 3742 per
1014 3643 1271 3743 ephemeridas

269 3884 289 3920 ⁴
308 3881 454 3958 syllabus,
476 3880 539 3939 Sec
560 3879 601 3937 iz
644 3879 768 3937 Errores
788 3879 826 3938 de
850 3880 943 3938 civili
964 3881 1094 3940 Romani
1117 3877 1272 3938 Pontificio

230 3974 413 4051 Principatu,
429 3974 517 4052 Prop.
531 3971 626 4031 lxxvi
642 3978 673 4030 et
686 3992 745 4049 aeq.

269 4073 289 4132 †
309 4066 457 4142 Syllabas,
471 4066 533 4125 Sec
547 4086 576 4125 v.
592 4065 630 4124 de
643 4065 785 4138 molesia,
801 4067 923 4144 ejusque
936 4068 958 4125 J
960 4068 1072 4140 nribus,
1086 4066 1174 4141 Prop
1184 4063 1270 4121 xxiv.

98 4187 100 4189 >
230 4177 302 4216 xxv.
317 4159 398 4216 etal.
