2976 4784
692 293 739 362 89

250 491 285 562 2.
314 488 554 563 Saecularium
583 489 855 562 Potentatuum
891 490 931 561 in
966 489 1240 590 Episcoporum

201 613 494 710 designationem
511 612 756 709 interpositio.

251 739 285 809 3.
314 737 498 811 Educatio
514 738 688 833 religiosa
703 763 915 834 puerorum.

249 863 285 933 4.
314 859 497 935 Catholici
534 862 632 935 inter
677 861 944 937 Schismatieos
979 862 1144 938 Orientis
1178 864 1241 936 de·

202 993 345 1080 gentes.

252 1111 286 1182 5.
314 1109 458 1183 Relatio
473 1110 678 1184 Ecclesiam
694 1111 794 1183 inter
812 1119 850 1184 et
867 1113 1054 1186 Poh'tiam.
1157 1187 1160 1189 ,

251 1232 360 1324 Quod
387 1236 436 1307 ad
459 1236 663 1309 secundum
686 1236 834 1324 attinet,
870 1239 1117 1333 quodeunque
1143 1262 1239 1334 prae-

201 1366 301 1432 stare
315 1367 442 1455 potest
456 1357 676 1447 Concilium,
692 1384 738 1431 ex
751 1359 833 1457 ipso
846 1359 1058 1434 Tridentini
1073 1368 1243 1456 tempore

201 1491 353 1556 cautum
368 1484 540 1580 legimus.

251 1607 459 1679 Puerorum
482 1607 671 1681 institutio
699 1616 845 1705 spectat
862 1609 910 1681 ad
925 1609 1028 1705 leges
1047 1634 1069 1681 a
1087 1608 1243 1704 singulis

202 1729 414 1802 civitatibus
435 1729 475 1801 in
492 1731 685 1827 proprium
709 1732 945 1804 commodum
960 1732 1069 1804 latas.
1123 1731 1244 1826 Leges

202 1854 336 1926 saltem
366 1878 447 1949 quae
463 1851 646 1926 'feruntur
671 1879 747 1927 non
773 1854 973 1950 prohibent
997 1879 1045 1928 ne
1071 1854 1245 1927 sacerdos

202 2001 338 2074 pueros
372 1977 526 2049 edoceat
564 1977 652 2073 quid
696 1977 846 2049 demum
881 1977 930 2050 sit
963 1985 1171 2075 peceatum,
1206 1985 1246 2050 et

202 2102 309 2198 quale
325 2101 417 2172 illud
434 2102 483 2173 sit
500 2108 696 2197 peceatum
720 2127 788 2199 per
815 2102 914 2197 quod
940 2109 999 2174 tot
1024 2101 1188 2198 patimur
1205 2108 1246 2174 et

201 2233 329 2298 tanta:
358 2226 457 2321 quod
473 2225 602 2322 utique
614 2226 694 2323 jam
710 2251 786 2299 non
803 2226 952 2298 diseunt
969 2226 1075 2323 pueri
1092 2250 1178 2326 cum
1196 2227 1242 2299 ab

201 2349 292 2446 ipsis
317 2349 512 2447 ignoretur
542 2351 809 2423 sacerdotibus.
863 2350 994 2447 Neque
1022 2351 1175 2423 tandem
1199 2351 1245 2424 de

203 2500 246 2547 eo
262 2476 362 2570 quod
375 2474 423 2547 ad
437 2474 629 2548 Orientem
648 2483 935 2573 spectat—quo
952 2474 1104 2549 nomine
1117 2475 1245 2548 Turci·

201 2624 283 2672 cam
302 2599 586 2696 Rempublicam
603 2600 748 2672 -volunt
779 2599 1246 2697 designare—quidquam

202 2733 261 2797 est
274 2725 471 2820 agendum.
508 2725 637 2797 Turcae
651 2726 799 2822 plenam
815 2722 1017 2798 Catholicis
1030 2725 1248 2820 relinquunt

202 2848 416 2920 libertatem
433 2849 532 2920 circa
549 2873 593 2920 ea
611 2849 736 2920 omnia
757 2848 803 2919 de
822 2849 955 2944 quibus
973 2848 1132 2921 Romam
1148 2849 1249 2921 inter

204 2978 243 3042 et
279 2969 468 3043 Gubernia
502 2969 800 3042 Christianorum
849 2971 973 3065 aliqua
1015 2978 1145 3043 exorta
1189 2977 1248 3043 est

205 3093 467 3168 controversia.
519 3094 555 3163 A
572 3094 831 3190 perseeutione
852 3117 892 3165 se
911 3092 1097 3179 cohibent,
1118 3117 1248 3166 omnes

205 3220 316 3292 fidem
343 3217 562 3290 catholicam
590 3218 765 3314 amplecti
789 3218 1026 3316 permittunt,
1050 3217 1150 3290 bona
1175 3216 1246 3290 Ee-

204 3344 326 3418 clesiae
343 3344 486 3416 intacta
496 3343 724 3439 relinquunt,
739 3366 860 3438 neque
870 3340 1101 3415 institutioni
1113 3340 1248 3439 puerili

206 3493 245 3541 se
274 3467 498 3552 immiscent,
529 3490 651 3561 neque
682 3466 954 3562 Episcoporum
985 3463 1248 3561 designationi,

205 3599 518 3666 testamentorum
569 3590 764 3675 validitati,
816 3591 1025 3686 ritibusque
1077 3588 1247 3686 publicis.

207 3716 315 3808 Quod
341 3717 389 3789 ad
418 3716 652 3812 disciplinam
670 3715 871 3789 Orientalis
897 3714 1074 3787 Ecclesiae
1100 3713 1247 3799 attinet,

206 3843 285 3940 ipse
298 3842 475 3916 Pontifex
491 3850 598 3914 motu
615 3840 768 3939 proprio
786 3839 988 3912 maximam
1005 3837 1152 3911 induxit
1168 3863 1249 3909 mu·

208 3965 401 4052 tationem,
422 3966 511 4038 dum
534 3965 605 4038 sibi
627 3965 699 4063 ipsi
716 3963 991 4060 Episcoporum
1008 3959 1253 4058 assumpserit

207 4089 474 4186 promotiones.
527 4089 612 4164 Hoc
637 4088 858 4163 inconsultis
884 4085 974 4159 fecit
999 4083 1256 4162 Orientalibus

721 4234 749 4284 u
