2976 4784
715 260 761 331 12

220 464 260 533 et
275 454 480 529 exhibetur.
517 452 600 527 Hoe
612 452 721 526 unico
733 452 856 526 medio
872 453 970 526 bella
986 460 1172 541 areentur,
1185 476 1265 550 pax

222 586 391 655 servatur
403 604 414 665 ;
440 576 512 650 nisi
538 576 624 649 sent
650 599 763 650 causa
786 576 1013 649 interveniat
1028 578 1116 651 verb
1132 600 1263 651 neces·

221 700 340 790 serim
367 700 534 797 exemplo
560 699 619 786 sit,
637 700 879 772 barbarorum
903 700 1081 785 incursio,
1099 709 1167 774 aut
1183 701 1265 774 dux

221 824 354 922 aliquis
381 824 518 898 Martis
546 824 744 897 admodum
772 824 906 909 cultor,
923 824 963 895 in
980 823 1105 897 medio
1129 824 1264 922 populi

224 956 376 1023 exortus
401 948 564 1022 bellicosi
590 948 698 1022 simul
723 972 766 1021 ac
795 947 1064 1044 praepollentis.
1117 947 1262 1045 Hujus·

220 1070 462 1145 mediantem
478 1071 619 1146 rariora
640 1079 728 1145 sunt
753 1072 946 1168 exempla:
975 1096 1059 1167 quae
1077 1071 1110 1145 si
1134 1072 1263 1146 locum

223 1217 299 1267 non
317 1194 467 1283 habent,
485 1220 559 1293 pax
575 1195 710 1291 ubique
725 1193 765 1266 in
787 1218 919 1268 securo
935 1203 1122 1291 ponetur;
1148 1195 1264 1269 modb

222 1317 417 1417 unicuique
441 1318 650 1417 reipublicae
674 1317 751 1391 Lex
778 1318 827 1390 sit
851 1319 1013 1414 cognita,
1030 1343 1101 1392 nec
1117 1318 1263 1391 Princi-

223 1440 343 1541 pibus,
370 1441 656 1543 Principumque
680 1441 872 1529 ministris,
890 1441 1030 1538 Legem
1060 1444 1264 1540 spernendi

221 1558 379 1635 incultas
398 1562 632 1635 concedatur.

273 1682 329 1759 Ila
353 1708 435 1783 qun>
463 1686 631 1775 dicimus,
659 1686 827 1784 exemplo
853 1687 901 1759 ab
920 1686 1123 1761 Hanoverd
1139 1688 1264 1786 petito

221 1806 464 1887 illustrentur.

272 1934 366 2011 lliori
385 1946 509 2035 potest
525 1946 569 2011 ut
585 1938 625 2011 in
650 1938 743 2011 fines
771 1936 944 2011 civitatis
969 1938 1009 2009 in
1035 1937 1145 2034 pleni
1167 1962 1263 2034 pace
1345 1932 1349 1939 ’

221 2060 363 2157 ponitur,
378 2060 444 2135 lint
456 2062 610 2149 invasio,
624 2062 726 2135 nullu
737 2062 928 2159 praemissi
942 2062 1030 2134 belli
1043 2061 1261 2151 indictione,

222 2206 289 2257 noo
317 2183 526 2259 indictionis
552 2185 671 2261 causi.
725 2185 923 2260 Civitatem
938 2186 1053 2272 illam,
1072 2209 1095 2257 a
1111 2186 1263 2282 quires

221 2314 338 2401 gentse
372 2308 641 2396 (inciderentur,
677 2309 914 2382 nihilominus
948 2335 1017 2407 per
1050 2311 1177 2384 dolum
1221 2320 1262 2385 et

223 2430 469 2529 proditionem
503 2433 724 2505 debellatam
752 2433 926 2521 vidimus,
962 2443 1000 2508 et
1030 2458 1116 2507 cum
1144 2435 1264 2509 altori

221 2550 260 2627 in
289 2578 404 2627 unum
434 2578 568 2655 corpus
594 2557 797 2645 redactam,
815 2582 935 2654 neque
960 2559 1008 2631 ad
1023 2559 1138 2656 leges,
1164 2560 1264 2657 proh

221 2676 340 2775 purior
356 2678 364 2751 l
393 2686 678 2777 provocantem
706 2687 815 2767 teste,
833 2705 903 2754 neo
927 2688 1077 2754 tacente
1095 2682 1261 2778 quidem,

221 2800 333 2877 immo
366 2826 455 2877 voro
485 2803 697 2903 plaudente,
734 2803 885 2903 Europii
912 2805 1107 2879 universi:
1145 2832 1263 2903 quum

221 2927 408 3026 porditum
433 2928 482 3003 sit
508 2928 656 3002 firmum
681 2928 879 3027 probitatis
906 2929 1203 3018 fundamentum,
1222 2941 1263 3005 et

219 3050 292 3129 huo
309 3052 396 3129 illuo
413 3052 611 3129 trahuntur
635 3053 804 3128 homines
829 3079 852 3127 a
875 3054 1115 3151 logographis
1139 3056 1262 3151 quoti·

220 3176 351 3271 dionis,
364 3203 454 3255 uuro
472 3188 624 3279 accepto
642 3179 851 3254 obcaeoatis.
904 3176 1013 3268 Quod
1029 3178 1159 3274 utique
1176 3179 1262 3253 ideo

218 3302 360 3381 facilins
394 3305 449 3393 iit,
486 3305 583 3401 qubd
618 3303 681 3376 ubi
712 3327 805 3400 gens
840 3310 992 3399 gentem
1026 3302 1259 3399 aggreditur,

220 3428 338 3526 ipsius
380 3428 631 3527 aggressionis
672 3428 817 3501 ratione
854 3425 1080 3524 posthabiti,
1116 3427 1163 3499 de
1197 3453 1260 3499 ex-

220 3554 360 3628 transis
378 3553 599 3651 quibusdam
621 3552 771 3625 motivis
800 3558 990 3648 sumptum
1016 3550 1137 3623 fertur
1157 3552 1258 3648 judi·

221 3676 331 3753 cium.
396 3676 489 3752 Haec
518 3686 643 3751 autem
668 3676 809 3750 motiva
833 3698 916 3772 quae
946 3676 1033 3762 sint,
1064 3677 1260 3752 exsensis

220 3804 507 3905 uniuscujusque
520 3810 579 3876 est
594 3801 837 3899 repetendum
849 3799 1000 3873 secretis
1015 3827 1024 3872 ε
1051 3801 1261 3898 generatim

220 3928 370 4034 quidem
403 3954 449 4005 ex
490 3927 657 4015 theoriis,
692 3925 818 4000 nescio
853 3925 998 4022 quibus,
1035 3926 1081 4000 de
1115 3926 1261 4001 Ethno-

221 4056 387 4162 graphii,
416 4056 464 4131 de
496 4051 713 4151 Philologid,
749 4050 796 4125 de
831 4048 1076 4149 Geographib,
1108 4053 1155 4125 de
1188 4050 1262 4126 Po-
