2976 4784
715 303 761 375 15

273 503 382 595 Quod
399 502 432 578 si
447 501 630 576 industria
654 501 719 574 101
744 526 788 576 eo
813 523 1034 599 progressus
1061 499 1124 588 sis,
1142 507 1186 572 ut
1202 499 1264 572 ille

223 630 373 702 tandem
392 653 501 701 suum
518 627 714 725 agnoverit
731 650 906 713 errorem,
926 624 1017 699 adei>
1033 625 1144 721 longe
1158 625 1264 698 abest

223 754 309 851 quin
329 755 492 850 gaudeat
523 755 569 827 de
586 777 629 826 00
648 753 758 849 quod,
788 751 961 825 falsitatis
983 750 1076 848 jugo
1093 773 1262 836 excuss0,

135 864 152 931 s
221 877 261 949 in
286 878 498 951 libertatem
527 878 576 951 sit
594 877 816 963 vindicatus,
836 884 902 948 aut
929 900 1102 973 campum
1118 874 1265 947 noviter

222 1001 293 1076 sibi
329 1010 521 1098 patentem
558 1002 813 1098 sperabundus
849 1001 959 1073 simul
993 1007 1032 1073 01
1066 1025 1113 1073 ex
1140 999 1264 1072 animo

219 1110 414 1222 ingressus
445 1125 570 1212 fuerit,
598 1134 642 1198 01
671 1124 767 1222 aegre
802 1125 899 1197 ferat
928 1125 1093 1220 seipsum
1127 1121 1263 1196 erroris

221 1250 336 1324 fuisse
358 1251 595 1337 convictum3
614 1273 682 1322 nec
700 1251 746 1323 de
770 1249 841 1321 alia
866 1274 908 1322 re
925 1258 1056 1346 postea
1072 1246 1264 1345 cogitabit,

221 1373 294 1446 nisi
321 1382 365 1446 ut
395 1399 438 1446 ea
469 1397 549 1469 quae
584 1381 670 1446 acta
699 1381 798 1458 sunt,
831 1372 933 1444 falsis
969 1372 1067 1468 apud
1102 1370 1266 1468 seipsum

223 1497 401 1595 depingat
427 1496 625 1583 coloribus,
645 1499 745 1594 apud
768 1497 860 1570 alios
877 1495 965 1570 verb
989 1521 1086 1582 eum,
1106 1518 1266 1592 quocum

222 1619 370 1692 locutus
395 1620 518 1706 fuerit,
537 1621 746 1694 maledicat.
816 1619 898 1710 Quo
916 1620 959 1692 fit
985 1629 1028 1692 ut
1044 1620 1182 1693 veritas
1199 1618 1265 1691 ho-

223 1741 385 1814 minibus
404 1742 638 1814 innotescere
655 1751 825 1838 nequeat.
879 1741 1092 1815 Etiamnum
1116 1741 1264 1836 caligat,

224 1887 348 1960 quem,
364 1865 514 1959 dempto
525 1863 718 1949 velamine,
734 1872 991 1937 anteactorum
1009 1889 1085 1936 non
1095 1863 1264 1960 poenitet.

224 1988 389 2060 Exstant
432 1988 566 2084 quibus
608 1986 888 2084 intelligentiae3
940 1995 1090 2060 exstant
1133 1987 1266 2083 quibus

223 2112 319 2184 mira
362 2112 459 2184 acies
502 2111 761 2198 conscientiae3
805 2136 952 2185 necnon
988 2112 1034 2184 ab
1071 2111 1265 2208 aliquibus,

223 2237 353 2334 primae
378 2237 504 2309 barbae
524 2236 738 2333 juvenibus,
766 2262 871 2311 amor
896 2236 954 2311 sui
980 2237 1178 2334 aliquando
1204 2237 1266 2309 de·

223 2360 409 2447 vincitur;
438 2361 497 2434 his
514 2361 602 2434 verb
629 2361 805 2459 exceptis,
824 2362 897 2435 hoc
922 2386 1001 2435 aevo
1027 2386 1104 2435 non
1123 2360 1266 2436 inveni·
1336 2448 1337 2451 Ἴ

222 2503 338 2558 untur
356 2486 420 2583 qui
437 2487 658 2559 erubescant
675 2495 713 2558 01
729 2487 964 2582 resipiscant.

274 2609 417 2699 Quibus
436 2611 594 2708 contigit
610 2619 654 2683 ut
675 2612 755 2684 haec
773 2611 971 2685 commissa
988 2611 1099 2684 fuerit
1114 2611 1265 2701 veritas,

223 2735 382 2807 arduum
398 2735 487 2808 vitae
504 2735 721 2807 institutum
747 2742 806 2807 est
826 2736 1068 2833 capiendum:
1097 2736 1203 2809 dolor
1220 2736 1267 2809 ob

224 2856 545 2929 circumstantium
570 2857 854 2944 hebetudinem
882 2884 999 2954 angor
1017 2858 1162 2954 quoties
1186 2883 1268 2930 eam

225 2977 420 3072 dispellere
444 2979 680 3065 studuerint3
711 2980 781 3052 sibi
806 2981 898 3076 ipsis
920 2982 1037 3076 culpae
1060 2989 1209 3053 vertent
1237 2981 1269 3054 si

225 3124 334 3197 quam
361 3101 666 3196 praetermiserint
692 3105 945 3190 occasionem3
973 3105 1268 3202 persecutionem

225 3223 383 3320 denique
412 3225 614 3321 patientur,
640 3227 810 3301 simulac
838 3228 964 3325 quales
992 3227 1079 3314 sint,
1107 3226 1269 3324 quidque
1333 3260 1336 3264 ·

225 3347 400 3433 sentiant,
419 3349 633 3422 innotuerit.

276 3471 385 3562 Quod
402 3474 450 3545 ad
467 3473 631 3547 rationes
649 3475 824 3573 physicas
853 3475 1002 3563 attinet,
1021 3477 1195 3573 quodque
1220 3475 1269 3547 ad

224 3597 389 3670 scientiae
401 3605 643 3693 augmentum
661 3600 829 3687 inservit,
841 3600 1056 3698 indagatori
1072 3608 1268 3697 acceptum

222 3721 338 3808 venit,
357 3721 467 3819 idque
485 3732 682 3820 acceptum
698 3724 869 3798 referunt
890 3725 1027 3799 caeteri.
1080 3723 1155 3815 Qui
1170 3724 1210 3797 in
1227 3751 1268 3799 re

223 3846 355 3919 morali
370 3847 568 3920 veritatem
594 3849 851 3946 deprehendit,
871 3850 1008 3928 erroris
1035 3850 1160 3947 arguit
1185 3849 1266 3922 uni-

223 3990 364 4054 versos,
384 3977 422 4042 et
440 3971 612 4044 omnibus
630 3996 765 4046 exosus
781 3974 899 4048 vitam
917 3973 1051 4070 degere
1070 3972 1228 4069 cogitur.

275 4088 385 4179 Quod
427 4095 577 4168 animali
626 4106 773 4172 naturae
823 4097 1042 4197 appetentia
1093 4095 1177 4183 cibi,
1228 4094 1269 4167 id
