2976 4784
714 276 763 351 17

221 474 358 548 oidium
393 498 499 561 esse3
526 475 723 572 ignoratur
756 481 883 548 autem
916 473 1083 547 animum
1116 474 1156 546 in
1180 472 1260 547 dies

220 599 339 696 magis
358 599 530 675 servilem
547 600 716 698 gentium
742 624 868 674 coram
893 598 1092 697 tyrannide
1109 622 1261 697 pessum

220 724 389 796 datarum
396 749 406 810 ;
443 723 623 819 siquidem
646 722 775 796 tenerd
796 731 907 796 aetate
933 722 1126 819 disciplina
1147 746 1260 795 saecu·

218 845 307 920 laris
342 855 381 920 et
416 847 591 943 religiosa
626 847 791 944 neglexit
833 847 931 922 cives
974 847 1072 920 circa
1114 844 1262 919 sceleris

221 969 433 1066 hujusmodi
474 977 514 1042 et
559 971 705 1067 peccati
753 978 928 1043 naturam
973 970 1171 1056 instruere,
1220 992 1264 1042 ac

219 1095 374 1191 proinde
396 1093 566 1168 homines
599 1095 654 1168 ita
688 1103 731 1168 ut
762 1103 892 1168 essent
916 1095 1024 1191 justi,
1055 1119 1099 1168 ac
1121 1094 1263 1168 virtute

220 1219 378 1316 praediti,
396 1218 457 1292 vel
473 1218 538 1316 qui
554 1219 716 1294 naturali
736 1221 869 1294 saltem
889 1219 1035 1293 ratione
1053 1226 1262 1305 uterentur,

222 1344 391 1417 educare.

271 1468 450 1540 Animum
466 1468 575 1541 ferire
592 1476 720 1566 potest
736 1468 847 1541 simul
862 1475 901 1541 et
917 1469 1074 1555 crudire,
1095 1467 1266 1565 analogia

222 1616 269 1663 ex
291 1593 470 1664 societate
494 1592 556 1666 illd
580 1592 711 1666 Indico
736 1595 907 1679 deducta,
935 1593 994 1666 cui
1015 1592 1261 1688 Thopporcm*

223 1737 360 1787 nomen
376 1714 603 1811 imponitur:
625 1717 748 1813 quide
767 1717 923 1812 singulis
939 1717 1148 1790 homicidiis
1165 1716 1264 1787 idem

224 1839 324 1935 quod
348 1839 489 1911 nostris
509 1840 741 1935 temporibus
771 1839 973 1912 Christiani
1000 1840 1046 1912 de
1069 1839 1265 1935 multiplici

225 1969 423 2034 senserunt
439 1944 648 2035 homicidio,
693 1961 804 2049 Hinc,
820 1963 853 2036 si
871 1961 952 2058 quis
970 1985 1016 2034 ex
1032 1962 1075 2035 ed
1088 1962 1265 2035 societate

225 2085 365 2158 crimen
391 2094 543 2159 actuum
568 2085 782 2183 hujusmodi
807 2085 1035 2183 agnovisset,
1063 2085 1183 2159 socios
1200 2107 1264 2158 au-

224 2217 302 2282 tem
320 2211 469 2284 sceleris
487 2235 644 2307 arguere
661 2210 852 2298 voluisset,
870 2209 968 2283 illius
986 2234 1063 2282 non
1080 2209 1151 2282 aha
1166 2210 1267 2284 inter

225 2356 313 2406 suos
336 2341 437 2406 esset
463 2333 639 2422 conditi0,
658 2359 701 2407 ac
727 2335 806 2431 ejus
835 2334 874 2407 in
901 2333 1080 2406 hodiernh
1104 2333 1264 2430 Europd,

226 2458 257 2530 si
271 2457 354 2554 quis
367 2458 467 2531 idem
476 2457 576 2531 inter
587 2459 748 2553 sequales
761 2482 848 2531 suos
858 2457 1073 2530 tentaverit.
1110 2457 1267 2531 Frustra

224 2583 310 2656 talis
330 2584 378 2656 ad
394 2584 554 2681 patriam
571 2582 800 2680 religionem,
820 2582 962 2655 frustra
984 2583 1033 2655 ad
1049 2604 1266 2656 communes

225 2706 418 2779 hominum
436 2731 569 2781 sensus
586 2706 805 2803 provocabit
821 2707 984 2780 innatos.

276 2828 538 2915 Nihilominus,
567 2854 649 2925 quae
676 2829 738 2903 hic
761 2829 1043 2916 adumbrantur,
1062 2830 1173 2901 aliam
1190 2853 1267 2902 om-

228 2950 317 3023 nino
336 2952 496 3046 speciem
513 2952 685 3040 induunt,
705 2953 737 3026 si
749 2953 914 3026 hortatio
933 2953 979 3025 ab
996 2953 1059 3026 illo
1076 2951 1271 3048 proveniat

227 3074 432 3170 Religionis
458 3075 633 3162 Praeside,
669 3101 781 3172 quem
811 3077 1002 3150 ducenties
1032 3077 1108 3149 fere
1138 3075 1269 3149 millies

228 3197 369 3270 milleni
418 3205 597 3295 tanquam
638 3198 830 3272 Vicarium
881 3198 952 3271 Dei
1005 3198 1085 3295 jam
1141 3220 1269 3294 recog-

228 3332 402 3398 noscunt.
455 3324 508 3397 Hi
527 3324 659 3397 saltem
676 3323 918 3398 offensionem
936 3324 1136 3419 deponent,
1157 3330 1270 3419 atque

229 3472 358 3524 omnes
399 3473 476 3521 uno
520 3473 584 3522 ore
627 3448 854 3536 clamabunt,
894 3455 939 3521 ut
968 3447 1057 3520 olim
1090 3447 1130 3519 in
1172 3446 1269 3520 Con-

229 3573 312 3648 cilio
331 3571 643 3647 claromontano:
663 3580 687 3614 “
700 3573 893 3648 Vonuuuls
911 3572 985 3645 Dur
1002 3574 1085 3644 usrl
1103 3571 1126 3603 ''
1178 3569 1272 3646 Vult

154 3761 156 3763 .
229 3723 363 3796 nempe
381 3697 485 3770 Deus
503 3706 547 3771 ut
573 3698 623 3771 sit
648 3723 724 3796 pax
740 3698 781 3768 in
797 3696 908 3784 terrb,
926 3696 1140 3769 hominibus
1163 3697 1272 3769 bonae

229 3822 434 3897 voluntatis
446 3849 457 3910 ;
509 3847 583 3920 pax
624 3830 754 3896 autem
795 3820 946 3894 nonnisi
987 3844 1054 3918 per
1086 3819 1273 3917 justitiam

271 4016 290 4054 Ψ
322 4014 456 4092 Thuggis
469 4016 502 4072 in
516 4013 605 4074 Indis
619 4015 767 4075 Orientali
780 4014 963 4092 degentibus,
979 4031 1101 4071 summae
1121 4010 1203 4073 laudi
1215 4011 1275 4071 fuit

232 4112 267 4164 ut
279 4105 414 4165 homines
433 4108 605 4168 innocentes
619 4127 673 4168 nec
685 4111 841 4187 opinantes
850 4107 1030 4186 jugularent.

743 4211 763 4262 0
