2976 4784
268 1524 343 1601 HIo
368 1527 497 1614 habes,
516 1527 666 1614 Lector,
694 1552 776 1624 quas
804 1527 1001 1604 scribenda
1024 1529 1261 1621 videbantur,

219 1675 333 1746 quum
351 1650 397 1723 ab
424 1658 576 1724 auctore
601 1659 794 1748 peteretur
818 1659 863 1724 ut
890 1655 1103 1726 summatim
1121 1655 1262 1751 scripto

218 1776 414 1848 mandaret
443 1799 527 1872 quae
560 1776 600 1846 in
629 1773 743 1849 variis
772 1776 872 1849 inter
901 1776 1041 1851 amicos
1072 1778 1263 1874 colloquiis

219 1898 337 1971 fusius
354 1905 596 1971 tractaverat.

270 2044 432 2118 Materia
441 2046 633 2143 proposita
642 2044 745 2120 hisce
756 2045 831 2120 fere
842 2045 1026 2144 capitibus
1038 2048 1260 2121 continetur.

272 2193 419 2267 1⁰..1us
454 2165 631 2269 Gentium
665 2195 766 2270 inter
805 2220 846 2271 se
888 2195 1097 2294 antiquitus·
1126 2197 1264 2295 ubique

207 2316 472 2398 observatum.

276 2467 326 2565 2⁰.
370 2465 479 2539 Idem
516 2465 718 2541 hodiedum
761 2467 809 2542 ab
856 2466 1031 2544 omnibus
1076 2471 1265 2569 neglectui

221 2589 362 2664 datum.

270 2743 320 2814 3⁰.
348 2740 530 2815 Absolute
558 2766 653 2839 opus
681 2767 774 2830 esse,
804 2743 915 2817 modo
934 2743 1046 2816 saluti
1074 2744 1263 2818 societatis

221 2865 337 2939 civilis
361 2866 629 2948 consulendum
660 2865 722 2952 sit,
741 2874 786 2938 ut
815 2867 937 2940 denuo
963 2868 1169 2942 universim
1192 2869 1264 2942 Jus

222 2989 321 3065 idem
338 2997 566 3087 agnoscatur
583 2988 772 3063 Gentium.

272 3143 322 3214 4⁰.
353 3139 431 3216 Soli
458 3138 638 3212 Ecclesia
666 3137 882 3226 Catholicae,
918 3164 1004 3212 oum
1031 3137 1134 3236 Papa
1166 3139 1263 3237 ejus-

190 3353 194 3361 ,
223 3262 309 3337 dem
327 3265 470 3363 Capite,
490 3262 566 3338 vim
582 3263 704 3336 inesse
722 3261 771 3334 ad
787 3261 827 3335 id
844 3261 1086 3336 efficiendum.

273 3414 322 3488 5⁰.
350 3414 489 3511 Aptam
513 3411 600 3487 huic
639 3402 800 3509 negotii
823 3411 990 3510 praebere
1030 3412 1263 3499 occasionem

224 3534 430 3610 Concilium
448 3535 627 3609 Generale
643 3533 807 3632 proxime
825 3536 1115 3610 convocandum.

275 3686 323 3758 6⁰.
355 3685 414 3758 Ad
439 3683 511 3758 hoc
528 3683 686 3758 maxime
704 3683 925 3772 conducere,
945 3683 1092 3758 omissis
1116 3685 1260 3759 caeteris

223 3808 271 3881 ad
305 3807 346 3880 id
378 3807 611 3895 facientibus,
646 3815 690 3880 ut
723 3807 763 3880 in
796 3806 900 3881 Urbe
934 3807 1053 3882 Roma
1086 3808 1264 3883 fundetur

223 3928 455 4029 Collegium:
490 3931 530 4003 in
556 3955 629 4028 quo
657 3930 859 4030 disciplinae
893 3931 1046 4006 adrem
1073 3932 1263 4030 politicam

224 4061 438 4150 spectantes
454 4054 555 4128 tradi
571 4053 728 4152 possint.
