2976 4784
702 292 749 365 87

207 488 337 562 ciendo
351 489 582 588 Religionem
599 490 641 564 eb
659 491 877 565 devenerint
893 498 938 564 ut
951 491 1075 565 servili
1088 492 1249 589 quodam

206 616 316 689 modo
344 640 383 689 se
410 617 649 704 submittant,
676 617 831 690 illinon
856 616 980 690 minus
1007 617 1191 691 serviliter
1209 643 1250 692 se

206 740 403 835 gesserint,
417 741 506 814 licet
522 741 619 813 ritus
637 749 811 815 externos
826 740 1032 839 Religionis
1050 743 1251 817 observent

207 871 247 936 et
264 863 432 962 Symboli
449 866 631 940 Articulis
649 866 875 940 adhaereant.

257 988 361 1060 Nihil
378 1015 401 1062 a
416 991 524 1064 nobis
539 991 696 1089 amplius
710 991 883 1066 omnibus
900 992 1123 1090 proponitur
1137 1018 1248 1089 quam

209 1113 309 1208 quod
337 1138 465 1187 omnes
493 1115 563 1187 sibi
597 1141 663 1212 per
697 1117 839 1213 seipsos
874 1116 1129 1214 praestandum
1155 1116 1249 1189 bene

206 1237 454 1325 crediderint;
498 1240 621 1312 media
655 1240 890 1336 suggerimus
924 1264 972 1313 ne
1007 1239 1091 1336 quis
1119 1239 1247 1327 verb0,

205 1361 317 1450 facte,
335 1365 394 1437 vel
412 1364 650 1460 cogitatione,
662 1372 803 1462 peccet.
839 1365 901 1438 Ab
918 1364 989 1438 hoc
1008 1365 1125 1439 officio
1138 1389 1246 1439 vaca·

207 1466 299 1560 bant
324 1489 413 1561 olim
439 1489 586 1585 singuli,
606 1490 695 1561 dum
713 1514 945 1586 unaquaeque
964 1487 1065 1562 Gens
1084 1489 1155 1563 sibi
1178 1490 1248 1564 soli

208 1613 313 1682 etin
343 1612 465 1709 seipsd
492 1613 767 1700 continebatur,
795 1622 834 1687 et
861 1614 1069 1687 simultates
1100 1616 1248 1688 tantum

208 1735 256 1807 ad
274 1736 555 1830 generationum
572 1737 769 1809 intervalla
785 1737 908 1810 locum
926 1737 1156 1810 obtinebant.
1194 1738 1249 1810 At

208 1858 316 1955 longe
344 1859 450 1932 aliter
475 1884 535 1933 res
560 1883 600 1933 se
627 1859 741 1932 habet
762 1860 827 1932 ubi
856 1859 1101 1933 diversimode
1125 1861 1249 1934 omnia

209 1991 298 2056 sunt
332 1984 550 2072 constituta,
581 1984 845 2081 hominumque
880 1984 1074 2057 sententiae
1108 1985 1249 2082 jugiter

208 2107 416 2180 formantur
446 2119 497 2182 et·
512 2109 727 2182 efferuntur.
781 2109 853 2183 Hae
885 2108 1078 2182 sententiae
1107 2109 1181 2182 nisi
1209 2110 1249 2182 in

208 2257 297 2338 vero
339 2233 558 2322 fundantur,
598 2235 700 2308 falsae
736 2235 813 2308 sint
852 2242 1023 2332 oportet:
1060 2259 1130 2309 nec
1168 2235 1249 2308 fieri

209 2365 336 2454 potest
351 2366 405 2431 'ut
435 2360 512 2433 sint
539 2385 650 2447 verae,
677 2360 750 2433 nisi
773 2359 875 2434 omni
900 2359 1045 2434 ratione
1071 2360 1247 2448 adhibita,

209 2508 291 2579 quae
315 2485 545 2559 'necessaria
581 2486 631 2559 sit
669 2486 716 2558 ad
752 2510 916 2559 errorem
949 2485 1247 2582 ‚depellendum3

209 2607 347 2705 Legem
364 2635 499 2708 nempe
516 2612 781 2709 cognoscendo
794 2610 854 2685 cui
874 2609 1079 2684 identidem
1096 2636 1120 2683 a
1140 2609 1248 2685 nobis

206 2734 255 2805 sit
286 2735 633 2832 obtemperandum,
670 2747 709 2808 et
746 2760 874 2809 rerum
903 2746 905 2751 ’
912 2744 1105 2832 gestarum
1130 2735 1248 2809 histo·

205 2857 302 2928 riam
321 2859 452 2953 quibus
470 2859 550 2931 Lex
568 2861 617 2932 sit
638 2859 869 2957 applicanda.

258 2980 314 3052 Ut
344 2989 472 3054 autem
499 2981 586 3056 huic
614 2983 739 3056 studio
764 3007 916 3079 operam
943 2981 1027 3078 quis
1052 3006 1157 3054 suam
1180 2982 1248 3053 im·

208 3104 370 3201 pendere
399 3106 564 3202 incipiat,
591 3129 812 3202 persuasum
837 3106 974 3178 habere
999 3105 1110 3178 debet
1126 3105 1249 3178 minus

210 3229 281 3302 sibi
297 3229 510 3303 incumbere
522 3229 663 3327 judicio
685 3254 752 3303 suo
776 3255 853 3303 non
870 3253 1018 3314 errare3
1047 3252 1184 3324 eoaque
1202 3253 1249 3300 ex

210 3354 288 3427 suis
305 3353 447 3428 civibus
466 3356 701 3452 summopere
724 3362 850 3429 'errare
878 3353 942 3451 qui
970 3353 1102 3426 'dicunt
1118 3353 1248 3426 huma·

206 3505 298 3553 num
328 3504 410 3554 esse
437 3505 572 3566 errare,
603 3503 673 3553 nec
703 3503 909 3576 quosquam
943 3485 1133 3575 compotes
1167 3500 1249 3551 esse

196 3607 403 3681 veritatem
420 3604 706 3704 perspiciendi3
745 3604 810 3701 qui
829 3697 830 3700 Ἴ
850 3603 990 3677 scilicet
1012 3627 1136 3676 error
1161 3603 1249 3676 inde

104 3825 109 3831 ἱ
150 3713 153 3718 ’
208 3732 389 3829 originem
407 3730 511 3803 ducit
528 3729 628 3827 quod
648 3754 725 3803 non
751 3728 964 3802 curaverint
982 3751 1026 3800 ea
1041 3726 1249 3824 intelligere

198 3857 253 3937 ‚de
280 3857 413 3953 quibus
440 3854 786 3951 sitgdisserendum.
813 3914 816 3919 .
839 3851 931 3943 Quae
959 3877 1046 3926 cum
1079 3851 1134 3924 ita
1160 3851 1248 3938 sint,

208 3981 367 4053 multum
395 3980 547 4077 adjuvat
573 3980 742 4055 doctrina
771 3978 947 4052 Ecclesiae
979 3976 1176 4051 Catholicae
1202 3976 1249 4049 de

209 4104 489 4178 Infallibilitate.
520 4160 521 4163 ,
543 4105 644 4180 Huic
668 4106 800 4178 saltem
817 4101 994 4177 Ecclesiae
1018 4101 1120 4180 omni
1141 4099 1249 4174 haesi·
