2976 4784
723 273 770 345 59

221 501 313 574 quae,
327 481 409 549 tum
425 498 485 548 res
501 473 542 547 in
558 471 721 572 Eluropd,
739 481 821 546 tum
838 480 982 546 mentes
999 470 1203 559 hominum,
1221 471 1261 544 in

218 608 364 674 tantam
382 607 470 672 sunt
488 598 657 671 deductae
675 596 941 671 confusionem.
984 595 1131 670 Foederi
1148 595 1260 670 Vien-

218 724 337 812 nensi,
357 731 417 798 tot
432 722 529 797 fonti
553 724 747 810 malorum,
765 723 844 820 ipso
869 746 1062 819 nunquam
1079 721 1239 795 assensit
1249 746 1262 810 ;

218 848 346 935 immo,
360 847 462 919 nullo
476 870 553 919 non
566 854 734 944 tempore
745 847 964 920 adversatus
978 854 1048 920 est.
1096 845 1262 919 Locutus

221 981 280 1048 est
297 971 411 1045 etiarn
435 970 655 1045 nominatim
682 980 720 1045 et
739 970 994 1045 vehementiirs
1021 977 1151 1044 contra
1170 996 1263 1044 non·

220 1097 324 1170 nulla
350 1120 396 1169 ex
424 1095 470 1169 iis
499 1095 710 1184 sceleribus,
740 1095 781 1169 in
808 1095 963 1170 Polonit
991 1120 1125 1194 nempe
1155 1104 1195 1194 et
1223 1095 1264 1169 in

221 1221 330 1296 Italia
354 1220 676 1317 commissisque
703 1219 890 1294 communi
915 1219 1077 1317 impulsu
1102 1219 1267 1317 patravit

154 1402 158 1408 .
220 1346 294 1421 ista
311 1345 528 1432 auctoritas,
549 1369 643 1442 quae,
670 1344 897 1445 contemptis
920 1344 958 1418 N
959 1345 1126 1419 ationum
1151 1343 1264 1442 privi-

220 1469 339 1566 legiis,
359 1468 550 1566 Europam
568 1469 771 1565 proculcat.

272 1592 361 1666 Non
377 1590 499 1664 mimis
509 1591 624 1688 igitur
641 1600 791 1690 oportet
807 1591 1038 1680 Pontificem,
1057 1600 1169 1689 prout
1185 1591 1266 1665 Rex

223 1722 293 1800 est,
312 1715 445 1787 testari
462 1713 641 1788 adversus
659 1716 814 1788 crimina
831 1717 877 1789 de
896 1715 1028 1811 quibus
1051 1716 1129 1811 ipse
1147 1715 1265 1787 incre·

223 1837 304 1933 pari
313 1837 455 1934 nequit,
468 1845 507 1910 et
518 1862 675 1933 quorum
686 1839 802 1910 nihilo
812 1837 933 1910 minus
943 1839 1024 1935 ipse
1034 1846 1092 1911 est
1102 1837 1264 1925 victima,

224 1986 335 2058 quam
353 1968 503 2058 oportet
529 1962 689 2035 eundem
714 1961 947 2048 Pontificem,
973 1971 1086 2058 prout
1110 1961 1192 2058 ipse
1209 1969 1268 2034 est

223 2085 402 2160 Romanae
422 2086 598 2160 Ecclesiae
624 2085 758 2184 Caput,
778 2087 910 2160 docere
934 2110 1063 2159 omnes
1089 2087 1135 2159 de
1153 2111 1267 2183 grege

224 2234 291 2284 suo
309 2210 449 2299 fideles,
478 2212 730 2309 cujuscunque
757 2211 902 2298 aetatis3
930 2213 1074 2299 docere,
1101 2212 1265 2307 inquam,

223 2334 346 2431 ipsum
359 2343 520 2431 oportet,
532 2335 773 2410 homicidium
784 2361 860 2409 non
874 2336 1015 2423 deesse,
1028 2336 1172 2432 quoties
1187 2335 1267 2409 sine

223 2460 498 2558 causasanguis
516 2459 757 2558 profunditur
767 2461 968 2548 humanus3
988 2461 1133 2548 deinde,
1149 2459 1268 2534 officia

223 2583 426 2681 Religionis
449 2585 620 2659 omnibus
647 2609 729 2659 esse
755 2584 985 2682 deneganda,
1016 2585 1113 2659 sicut
1140 2581 1268 2659 revera

223 2708 364 2784 factum
387 2711 555 2784 videmus
584 2712 631 2785 de
662 2710 871 2785 “Fenianis
884 2709 906 2741 ”
935 2709 976 2782 in
1001 2709 1164 2808 Imperio
1182 2708 1265 2783 Bri-
1344 2782 1347 2786 .

223 2833 375 2906 tannico
405 2834 656 2922 versantibus,
685 2833 760 2935 qui,
791 2835 851 2908 vel
886 2842 974 2908 actu
1006 2835 1066 2907 vol
1100 2834 1266 2920 consili0,

225 2956 438 3053 hujusmodi
471 2957 663 3032 homicidii
695 2983 782 3032 reus
811 2957 867 3046 fit,
895 2957 974 3031 sive
1008 2956 1159 3045 duma,
1190 2957 1268 3030 sive

224 3079 414 3168 indirecte,
432 3082 633 3169 laudando,
652 3082 712 3155 vel
728 3106 830 3180 opes,
849 3081 1089 3178 vectigalium
1105 3079 1266 3168 nomine,

226 3206 471 3303 suggerendo.
525 3205 719 3280 Pontificis
745 3205 982 3302 Principatus
998 3206 1098 3280 inter
1115 3203 1270 3300 exiguos

227 3331 376 3427 quidem
389 3331 483 3405 fines
494 3331 707 3406 continetur
718 3358 728 3418 ;
756 3338 932 3405 atcoram
943 3330 1044 3428 Lege
1058 3339 1096 3403 et
1108 3328 1270 3403 humant

225 3455 371 3530 ratione
388 3480 516 3530 omnes
542 3455 722 3529 Civitates
749 3455 950 3551 aequalibus
976 3454 1142 3552 gaudent
1159 3453 1268 3551 privi-

226 3580 345 3678 legiis.
398 3580 532 3671 Quare,
562 3579 674 3654 etiam
700 3579 827 3677 prouti
846 3578 925 3676 jam
951 3603 1013 3652 res
1048 3603 1088 3652 se
1117 3579 1269 3665 habent,

228 3728 283 3792 ea,
300 3729 381 3802 quae
394 3706 548 3779 minima
564 3713 623 3780 est
639 3704 738 3779 inter
755 3704 917 3801 Europae
936 3702 1089 3792 Gentes,
1101 3703 1271 3779 maximae

228 3836 356 3926 potest
365 3829 595 3928 aequiparari.
632 3827 809 3903 Omnium
819 3828 970 3926 negotia
984 3827 1159 3902 Gentium
1171 3835 1271 3914 sunt,

228 3961 273 4027 ut
297 3953 352 4027 ita
380 3955 513 4044 dicam,
548 3953 706 4030 invicem
736 3962 934 4043 contexta3
976 3954 1102 4028 omnia
1131 3951 1273 4027 secretd

230 4083 413 4174 aguntum
463 4087 574 4178 atque
615 4078 670 4154 ita
703 4078 769 4178 qui
802 4078 963 4154 astutior
995 4077 1109 4154 fuerit
1142 4075 1275 4150 ceteris
