2976 4784
721 277 767 349 61

233 479 342 555 condi
372 480 504 554 debeat
535 479 739 565 decretum,
763 499 976 572 novumque
1003 475 1182 549 constitui
1207 477 1273 550 tri-

231 603 355 676 bunal.
424 601 472 675 In
500 600 655 676 Ooncilii
685 607 872 675 conventu
906 606 1044 696 praeter
1069 599 1273 696 periculum

230 727 323 799 nihil
347 726 558 813 invenitur3
594 725 705 821 quod,
733 724 858 821 ipsum
888 723 936 797 ob
962 723 1179 820 periculum,
1203 749 1273 822 pro

229 852 333 926 lucro
351 859 411 926 est
426 851 686 948 reputandum.

280 976 371 1067 Quae
388 975 448 1049 hio
464 981 734 1073 proponuntur,
753 999 797 1048 ea
812 973 964 1047 maximi
987 981 1076 1047 sunt
1093 973 1271 1063 facienda,

229 1101 515 1198 maximumque,
534 1123 634 1173 nuno
652 1108 691 1173 et
706 1099 747 1172 in
768 1106 973 1196 posterum,
993 1106 1083 1171 sunt
1099 1099 1273 1173 habitura

229 1226 421 1301 influxum.
475 1224 628 1323 Siquid
652 1224 823 1322 provere
848 1249 977 1319 aequo
1000 1223 1129 1297 haberi
1145 1232 1273 1322 potest

229 1351 435 1439 conamine,
463 1351 538 1424 tale
572 1351 702 1448 utique
733 1349 824 1421 illud
858 1356 916 1422 est
950 1349 997 1422 de
1032 1374 1105 1445 quo
1133 1351 1269 1447 agitur.

229 1473 422 1565 Quocirca,
440 1476 479 1548 in
490 1476 720 1572 singulorum
732 1473 864 1548 animis
873 1475 1133 1548 tantummodo
1144 1484 1272 1573 potest

229 1598 431 1672 elaborari:
460 1624 529 1672 neo
552 1600 651 1672 ullus
679 1597 828 1672 omnino
856 1597 986 1670 Coetus
1012 1597 1169 1672 idoneus
1199 1602 1272 1673 erit

227 1721 314 1796 huic
330 1723 459 1796 labori.

278 1847 401 1945 Hujus
426 1847 591 1945 profecto
613 1848 734 1945 operis
749 1846 970 1943 jamdudum
996 1847 1169 1921 Pontifex
1180 1848 1272 1944 jecit

227 1968 495 2046 fundamenta:
524 1972 652 2045 extolli
684 1968 835 2044 tantum
870 1970 981 2043 debet
1008 1971 1126 2068 ipsius
1154 1973 1271 2046 moles

228 2096 385 2170 aedificii.
564 2100 572 2114 '

278 2219 388 2310 Quod
413 2222 462 2294 ad
488 2220 656 2295 terminos
683 2229 840 2320 spectat,
867 2222 1004 2295 horum
1035 2245 1179 2294 errores
1191 2223 1271 2319 jam

230 2345 465 2418 denuntiavit
481 2344 680 2418 Pontifex:
708 2345 861 2419 eosdem
890 2370 1003 2419 sensu
1021 2371 1147 2419 carere
1170 2370 1271 2420 nunc

225 2470 557 2544 demonstrandum
570 2477 750 2558 remanet,
762 2477 807 2541 ut
820 2467 965 2543 Summi
979 2469 1149 2544 Pastoris
1163 2471 1270 2569 gregi

223 2591 369 2690 plenius
386 2593 512 2667 lumen
528 2592 760 2681 infundatur,
780 2619 823 2667 eo
841 2593 915 2667 fine
930 2603 976 2666 ut
992 2594 1131 2667 bellum
1148 2595 1270 2692 possit

222 2717 418 2792 intendere
435 2726 566 2793 contra
582 2719 757 2808 fallaciae,
771 2719 906 2815 quibus
920 2720 1132 2807 obvolutus,
1148 2720 1269 2794 omnis

224 2866 329 2915 error
352 2844 578 2916 continetur.

183 3046 185 3048 ¹
275 2964 382 3037 Inter
400 2972 523 3037 cetera
540 2989 655 3060 eaque
672 2991 819 3064 magnae
835 2967 1000 3054 virtutis,
1012 2967 1177 3040 remedia
1193 2968 1267 3041 huc

225 3088 483 3175 conducentia,
505 3088 599 3161 bene
626 3098 846 3162 numeratur
871 3116 915 3164 ea
941 3091 1091 3187 puerilis
1118 3091 1267 3163 institu-

223 3210 337 3285 tionis
353 3211 477 3309 portio
496 3237 609 3308 quam
626 3212 878 3286 “classicam’'
893 3219 1114 3311 nuncupant
1126 3213 1265 3309 Angli3

224 3334 322 3410 Galli
340 3344 364 3376 “
377 3334 611 3434 profanam.''
664 3336 717 3409 Iis
736 3337 874 3410 etenim
890 3337 996 3411 libris
1014 3336 1268 3409 instituuntur

224 3461 342 3559 pueri,
355 3485 448 3557 quos
466 3461 575 3534 nobis
591 3461 824 3558 reliquerunt
841 3470 1017 3535 auctores
1035 3470 1119 3535 tum
1131 3459 1265 3549 Graeci,

75 3593 77 3597 ’
222 3593 305 3658 tum
322 3585 507 3674 Romani3
535 3586 598 3683 qui
622 3585 731 3659 nobis
762 3594 801 3658 et
831 3586 1032 3683 exemplari
1048 3593 1211 3683 prosunt
1227 3594 1266 3659 et

220 3709 482 3798 instructioni3
509 3710 643 3784 harum
669 3709 769 3783 enim
795 3708 972 3784 Gentium
995 3734 1084 3784 casu
1112 3710 1264 3784 instrui-

220 3860 317 3923 mur,
353 3836 454 3923 dum,
493 3836 578 3932 jure
624 3835 769 3923 merito,
814 3860 943 3909 earum
984 3834 1264 3908 lucubrationes

219 3958 420 4032 imitemur.
474 3960 655 4034 Hounnus
681 3960 789 4033 nobis
819 3983 887 4056 pro
918 3957 1054 4033 Codice
1078 3966 1138 4032 est
1160 3958 1265 4032 Juris

222 4081 421 4157 Gentium:
441 4083 708 4160 Dnuosrnuuns
727 4092 860 4160 contra
877 4107 940 4158 eos
959 4083 1124 4158 testatur
1142 4107 1264 4157 mores
