2976 4784
723 325 768 399 77

220 529 453 629 privilegium
481 525 705 601 decernendi
731 525 778 598 de
805 524 911 598 Bello
938 524 999 599 vel
1022 525 1133 614 Pace,
1162 529 1264 625 quod

222 655 292 728 sibi
325 651 522 749 acquisivit
563 648 770 723 Concilium
807 648 1081 736 Ministrorum,
1118 651 1265 724 sublatd

221 777 445 851 auctoritate
464 773 636 871 Corporis
660 771 833 869 Legiferi.
886 771 973 845 Non
991 774 1148 871 amplius
1165 776 1263 848 vale·

220 903 317 974 bunt
344 899 512 972 Ministri
540 897 700 996 patriam
729 897 835 970 bellis
867 898 1031 970 externis
1059 898 1263 995 implicare,

224 1032 338 1120 atque
361 1023 500 1096 idcircb
525 1021 742 1094 renuntiare
768 1021 958 1094 debebunt
985 1022 1149 1096 consiliis
1174 1022 1264 1096 vici-

222 1173 357 1222 norum
396 1147 710 1232 debellandorum,
745 1145 970 1242 ditionisque
1008 1147 1263 1220 extendenda.

222 1270 317 1345 Cum
342 1296 420 1344 non
444 1272 602 1369 amplids
627 1269 818 1367 potuerint
838 1269 1005 1344 Ministri
1029 1271 1198 1344 homines
1224 1271 1290 1344 in

221 1397 350 1495 praelio
376 1397 575 1483 trucidare,
593 1395 710 1468 verba
734 1394 905 1480 minacia,
934 1395 1013 1468 sive
1029 1396 1149 1492 primo
1167 1395 1266 1468 Novi

222 1520 325 1591 Anni
344 1520 404 1591 die
429 1520 587 1616 prolata,
607 1519 685 1591 sive
710 1518 749 1588 in
767 1517 991 1615 apographis
1018 1520 1168 1615 scripta,
1188 1519 1266 1591 sive

222 1642 263 1713 in
292 1642 445 1715 monitis
476 1641 643 1726 secretis,
676 1636 822 1713 sivein
853 1649 877 1680 “
891 1642 1047 1737 privatis
1061 1641 1085 1672 ”
1117 1643 1291 1714 ἀθωὺω

224 1765 405 1861 epistolis,
416 1764 557 1835 nullam
571 1763 646 1836 vim
663 1763 878 1834 retinebunt
896 1764 995 1836 orbis
1011 1764 1264 1859 perturbandi.

223 1889 298 1960 Ars
317 1887 556 1984 diplomatica
572 1886 731 1959 existere
742 1887 898 1983 desinet.
952 1886 1131 1960 Cessante
1142 1895 1267 1959 autem

224 2011 391 2108 periculo
409 2010 519 2082 simul
530 2019 568 2083 et
584 2011 730 2096 timore,
746 2034 892 2082 summa
902 2010 1069 2105 pecuniae
1079 2011 1268 2085 minuetur

226 2135 265 2206 in
283 2135 410 2232 copias
427 2134 605 2207 militares
624 2134 902 2230 impendenda.—

275 2258 524 2356 Qudpropter,
543 2259 760 2331 minuentur
777 2257 891 2330 etiam
907 2256 1115 2354 vectigalia.

275 2382 409 2478 Legat-i
425 2388 688 2478 permanenter
704 2382 804 2477 apud
822 2390 971 2454 exteros
989 2382 1169 2477 degentes
1187 2407 1267 2456 sus·

224 2505 362 2603 picioni
380 2506 524 2580 dabunt
538 2507 662 2579 locum
681 2514 720 2578 et
735 2505 881 2578 terrori.

275 2630 411 2735 Omnis,
424 2631 609 2703 diversam
619 2655 687 2727 per
697 2630 798 2702 viam
810 2630 865 2702 ire
875 2630 1033 2702 tendent
1045 2630 1092 2702 ab
1103 2628 1146 2703 ed
1156 2656 1269 2728 quam

224 2778 326 2827 nnnc
344 2763 574 2849 sequuntur:
603 2778 685 2827 sese
703 2778 832 2826 omnes
856 2754 1067 2828 liberabunt
1085 2753 1224 2829 Gentes
1246 2782 1270 2831 a

224 2877 419 2975 tyrannico
437 2876 697 2970 Ministrorum
713 2877 989 2963 moderamine;
1017 2902 1041 2948 a
1067 2877 1268 2951 foederibus

225 2997 351 3094 inepte
374 3023 460 3071 cum
486 2998 617 3070 alienis
644 2997 827 3071 Gentibus
854 2999 1048 3084 ineundis3
1077 3025 1100 3072 a
1125 3002 1269 3074 tributo

225 3121 326 3192 'ultra
342 3120 441 3192 vires
468 3121 652 3220 augendo,
672 3121 844 3194 omnibus
869 3146 1004 3217 nempe
1028 3122 1268 3196 facultatibus

227 3252 267 3318 et
282 3244 464 3317 illecebris
481 3244 776 3341 gubernationis,

276 3365 331 3437 At
346 3390 423 3437 non
451 3365 479 3437 ii
510 3364 628 3438 solirm
653 3365 724 3439 hos
741 3365 896 3440 effectus
915 3367 1078 3441 sentient
1096 3367 1160 3464 qui
1175 3368 1269 3464 pub·

226 3490 307 3564 licis
317 3489 478 3562 immixti
488 3497 577 3561 sunt
593 3490 765 3586 negotiis
786 3491 966 3564 sedidem
983 3491 1095 3565 etiam
1106 3493 1270 3565 sentient

228 3639 277 3687 ex
292 3614 499 3686 infidelium
521 3638 690 3700 numero,
709 3623 747 3688 et
766 3615 1040 3702 seditiosorum,
1060 3616 1270 3712 quicunque

228 3745 318 3809 sunt
331 3737 475 3810 actuosi
491 3745 530 3810 et
545 3737 585 3808 in
602 3739 713 3810 rebus
731 3739 905 3834 gerendis
926 3739 1048 3836 periti.
1100 3739 1152 3813 Hi
1170 3741 1269 3813 simi·

226 3858 314 3932 liter
331 3860 539 3957 percipient
560 3860 677 3934 ictum
697 3887 876 3957 magnum
900 3862 971 3935 sibi
988 3862 1138 3959 suisque
1155 3888 1268 3960 nogo-

228 3981 293 4053 tiis
309 3981 453 4054 illatum
470 3983 560 4057 lore.
604 3983 651 4056 In
670 3985 819 4072 scolere,
837 3987 876 4057 in
892 3985 1094 4059 infortunio
1107 3987 1269 4083 public0,

230 4103 373 4180 scilicet
388 4107 428 4178 in
444 4106 543 4181 bello
564 4115 604 4181 et
626 4109 884 4206 vectigalibus,
901 4109 1104 4183 infidelitas
1121 4109 1270 4183 seditio·
