2976 4784
713 319 762 390 10

216 525 417 616 reguntur,
435 517 550 613 leges,
570 539 616 588 ex
631 512 830 612 praeceptis
848 509 1029 609 Decalogi
1045 509 1264 583 fundamen-

218 649 301 714 tum
319 640 519 738 accipiunt,
538 639 723 737 praecipue
740 663 828 714 vero
846 662 893 710 ex
908 636 1011 711 hisce
1029 641 1190 733 quatuor
1202 660 1263 708 2-

269 789 356 863 Nou
382 809 538 861 noctuas,

272 912 358 985 Non
383 912 537 984 Foaruu
562 931 695 983 rioms.

271 1037 309 1110 N
310 1059 357 1108 on
382 1057 554 1118 nooonnrs
580 1036 729 1108 Fansuu
754 1034 1019 1108 Tasrnroruuu.

273 1160 358 1234 Non
384 1182 626 1233 concurrebas.

270 1333 362 1425 Quae
389 1334 515 1407 omnia
542 1333 653 1406 simul
680 1339 869 1430 praecepta
893 1330 1094 1412 violantur,
1119 1326 1264 1425 quoties

222 1483 315 1554 gens
327 1458 432 1556 genti
445 1458 583 1531 bellum
596 1458 727 1531 indicit
739 1458 837 1553 quod
847 1482 924 1529 non
939 1456 988 1528 sit
1000 1453 1263 1540 necessarium,

222 1583 282 1657 cui
294 1583 399 1679 justa
421 1608 499 1655 non
527 1583 646 1655 subsit
674 1607 797 1668 causa,
817 1582 877 1655 vel
902 1582 941 1653 in
969 1605 1041 1676 quo
1067 1577 1264 1650 indicendo

221 1707 338 1781 debiti
375 1707 471 1780 ritus
498 1733 573 1781 non
613 1707 886 1781 adhibeantur:
916 1704 1062 1802 quoties
1091 1702 1266 1776 videlicet

223 1829 422 1903 deliberate
439 1855 532 1927 gens
551 1831 675 1928 aliqua
699 1830 837 1903 bellum
862 1830 994 1902 indicit
1011 1853 1055 1900 eo
1074 1826 1197 1899 animo
1222 1832 1267 1897 ut

218 1955 325 2028 alteri
343 1956 515 2052 injuriam
533 1956 646 2030 faciat
674 1981 741 2053 per
768 1957 922 2028 modum
950 1951 1201 2049 aggressionis
1228 1956 1267 2022 et

219 2080 450 2167 invasionis3
478 2106 560 2177 quae
579 2082 661 2154 fieri
673 2081 803 2176 nequit
814 2081 954 2175 absque
965 2056 1148 2151 occisione
1160 2075 1265 2147 inno-

224 2206 399 2291 centium,
418 2206 558 2302 rapinis
582 2230 727 2279 necnon
754 2213 792 2279 et
809 2204 1092 2277 vastationibus.
1145 2202 1265 2273 Actus

221 2331 359 2403 etenim
387 2329 599 2425 hujusmodi
626 2329 851 2403 comitentur
878 2353 1030 2403 necesse
1058 2337 1116 2401 est
1141 2326 1265 2398 inson-

221 2453 318 2526 tium
335 2453 431 2525 falsa
447 2454 663 2551 inculpatio,
683 2453 847 2550 ejusque,
878 2454 978 2550 quod
1003 2451 1169 2550 ipsorum
1195 2457 1265 2535 est,

227 2577 540 2674 concupiscentia.

273 2722 405 2819 Neque
439 2724 518 2797 fieri
552 2723 633 2798 haec
666 2733 827 2822 possunt
866 2724 945 2798 sine
980 2723 1133 2798 consilio
1176 2722 1267 2794 talia

223 2847 397 2943 patrandi
412 2873 421 2933 ;
449 2847 597 2920 nonita
623 2849 732 2945 plane
759 2847 860 2920 utin
879 2847 1111 2944 singulorum
1129 2847 1265 2920 civium

224 2969 349 3044 animo
366 2972 539 3044 volvatur
555 2971 769 3069 hujusmodi
787 2973 1004 3046 consilium:
1033 2971 1104 3045 hoo
1128 2969 1266 3043 etenim

224 3096 400 3192 restringi
432 3104 560 3196 potest
594 3098 642 3170 ad
685 3122 825 3196 pancos
860 3096 1020 3184 tantiam,
1055 3097 1182 3182 immo,
1218 3096 1267 3167 ad

224 3247 364 3294 unum:
407 3223 473 3295 sed
505 3223 543 3295 in
578 3231 703 3297 mente
731 3222 1021 3309 communitatis,
1056 3222 1266 3317 ubicunque

225 3345 374 3418 demum
391 3347 499 3420 Mens
516 3348 580 3420 illa
596 3349 770 3434 resideat,
790 3350 892 3420 certo
920 3357 977 3421 est
994 3347 1264 3443 reperiendum.

224 3467 351 3541 Nihilo
369 3477 495 3543 tamen
514 3471 633 3544 seciits
645 3473 811 3544 omnium
830 3471 939 3568 culpa
957 3471 1163 3544 communis
1182 3469 1265 3557 erit,

225 3591 362 3688 quippe
380 3592 498 3688 quiin
516 3594 627 3666 causa
645 3602 744 3680 sunt,
765 3595 796 3666 si
823 3619 897 3666 non
931 3605 1029 3679 actu,
1049 3594 1182 3665 saltem
1200 3618 1267 3690 per

224 3739 432 3802 assensum,
461 3740 526 3788 seu
553 3741 620 3814 per
636 3717 824 3816 impensas
844 3743 887 3790 eo
906 3718 980 3790 fine
1005 3716 1193 3815 pecunias,
1223 3724 1267 3789 ut

225 3837 288 3910 illa
321 3848 519 3936 patrentur
548 3841 722 3914 facinora.
786 3840 894 3931 Quod
921 3842 952 3914 si
981 3841 1080 3938 capti
1110 3841 1268 3915 fecerint

215 3963 355 4050 oculis,
375 3964 573 4063 dupliciter
600 3977 689 4039 sunt
716 3967 782 4053 rei,
802 3967 866 4063 qui
893 3968 940 4039 de
967 3969 1078 4040 rebus
1105 3969 1153 4040 ad
1179 3992 1266 4041 con·

228 4085 420 4162 scientiam
443 4097 483 4164 et
508 4091 552 4164 ad
580 4090 733 4189 politica
749 4091 868 4164 officia
885 4092 1154 4189 spectantibus,
1167 4092 1266 4190 judi-
