2976 4784
678 307 726 377 20

186 519 224 584 et
247 509 325 608 ejus
343 506 520 603 Legibus,
539 515 617 579 tam
645 529 712 602 pro
735 503 877 579 civibus
904 527 1015 600 quam
1040 527 1108 599 pro
1134 500 1226 575 mili-

184 637 297 722 tibus,
313 633 438 706 latis*

236 757 310 848 Qui
326 757 397 830 hoc
416 756 527 828 modo
544 754 676 851 egerit,
688 754 810 850 quoad
828 761 959 851 gentes
977 752 1184 838 universas,
1195 751 1228 824 is

184 884 306 979 pirata
331 882 486 953 evadet:
517 880 638 980 quoad
656 878 846 975 propriam
870 876 1071 963 civitatem,
1089 876 1228 949 bellum

185 1005 332 1103 privatt
379 1003 603 1078 auctoritate
645 1003 807 1100 gessisse
843 1000 1082 1098 judicabitur.
1152 1001 1227 1074 Ubi

185 1130 280 1202 forte
314 1130 451 1202 bellum
480 1127 694 1224 hujusmodi
727 1126 873 1200 dederit
905 1125 1137 1200 occasionem
1170 1125 1228 1199 liti

185 1254 335 1327 cuilibet
361 1278 486 1327 coram
505 1252 694 1349 judicibus
728 1254 870 1325 nostris
897 1250 1124 1337 dirimendae,
1150 1251 1227 1323 bel·

183 1378 262 1450 lum
272 1377 468 1449 habebitur
484 1377 677 1472 injustum,
693 1375 845 1473 ejusque
860 1375 963 1447 nulla
979 1374 1075 1447 ratio
1091 1374 1131 1445 in
1143 1373 1229 1469 jure

185 1502 315 1575 haberi
339 1501 510 1574 debebit:
542 1501 582 1573 id
608 1501 708 1597 quod
733 1524 803 1572 nos
825 1499 974 1574 edocuit
999 1507 1170 1573 exortum
1187 1498 1226 1570 in

184 1627 315 1701 Primo
335 1625 461 1701 Sinico
480 1626 585 1699 Bello
604 1625 825 1722 exemplum.

235 1752 342 1826 Bella
358 1751 496 1837 illicita,
515 1775 795 1846 nonnunquam,
813 1749 900 1822 licet
929 1749 1091 1845 perrarb,
1120 1756 1230 1844 gesta

182 1876 310 1963 fuisse,
339 1884 570 1972 compertum
594 1875 794 1947 babemus:
824 1898 906 1969 quae
932 1881 1060 1946 tamen
1087 1897 1171 1945 cum
1187 1872 1227 1945 in

182 2000 365 2075 barbariei
390 1999 647 2097 eruptionibus
670 1998 937 2095 regionumque
957 1997 1227 2073 vastationibus

224 2266 241 2303 *
264 2264 313 2323 Ex
336 2262 460 2321 historid
474 2281 564 2338 quam
581 2280 683 2319 sumus
703 2261 835 2333 relaturi,
854 2281 888 2319 ea
902 2281 968 2337 quae
982 2261 1112 2320 diximus
1130 2263 1227 2321 lucem

182 2357 368 2414 obtinebunt.
428 2355 549 2412 “Haud
572 2354 675 2411 multis
702 2355 810 2412 abhinc
840 2355 926 2412 annis
946 2355 1066 2431 juvenis
1096 2355 1225 2432 quidam,

181 2450 337 2526 praefectus
351 2446 506 2518 exercitiis,
520 2466 627 2503 mensae
642 2448 771 2522 supremi
795 2448 888 2504 Ducis
901 2449 1084 2520 accumbens,
1099 2449 1227 2524 disputa

181 2543 294 2599 tionem
308 2559 375 2597 cum
400 2540 539 2615 Legionis
563 2540 694 2596 Tribuno
716 2546 760 2596 est
780 2560 951 2616 aggressus:
970 2542 1006 2598 de
1027 2540 1061 2598 et
1074 2548 1174 2598 autem
1194 2561 1226 2598 re

181 2634 331 2709 agebatur,
354 2651 506 2708 quousque
527 2632 665 2690 militaris
686 2634 854 2691 obedientia
874 2635 997 2691 extendi
1021 2635 1133 2693 debeat.
1178 2634 1227 2693 ‘Si

182 2727 255 2785 Dux
277 2724 448 2802 supremus,'
463 2726 506 2782 ait
523 2726 651 2801 juvenis,
669 2727 797 2802 ‘aliquid
817 2747 864 2784 me
880 2728 1007 2804 juberet,
1024 2729 1102 2805 quod
1122 2728 1226 2786 scirem

182 2819 310 2895 Legibus
335 2818 472 2876 civilibus
486 2819 622 2890 vetitum,
645 2819 676 2876 id
698 2839 792 2891 omne,
814 2820 898 2877 nullo
922 2821 1059 2896 scrupulo
1082 2821 1226 2889 laborans,

181 2932 349 2987 exequerer,
374 2912 522 2968 confidens
545 2931 593 2968 me
620 2912 789 2970 nullatends
813 2914 915 2989 culpae,
944 2914 1088 2989 quidquid
1114 2914 1225 2970 factum

181 3006 278 3076 fuerit,
290 3006 460 3076 obnoxium,
471 3026 509 3063 ex
522 3024 557 3062 ec
566 3006 645 3080 quod
659 3006 774 3063 militiae
788 3013 877 3082 caput
890 3006 920 3062 id
935 3007 1010 3063 mihi
1022 3005 1225 3082 imposuisset'

181 3099 348 3176 ‘Equidem
362 3097 451 3156 aliter
463 3097 578 3171 senti0‚'
592 3099 745 3175 respondit
761 3100 846 3171 alter,
861 3119 1018 3175 generosus
1040 3100 1128 3156 simul
1141 3099 1227 3157 miles

179 3198 210 3250 et
224 3193 378 3269 perspicax
393 3212 399 3248 τ
422 3193 560 3249 ‘mallem
575 3192 686 3249 etenim
701 3213 748 3249 me
757 3193 930 3248 submittere
944 3191 1074 3267 periculo
1089 3192 1226 3268 supplicii

179 3285 327 3357 militaris,
343 3305 395 3361 per
420 3285 585 3360 Superioris
599 3304 704 3342 manus
718 3284 880 3360 infligendi,
895 3284 928 3340 in
942 3284 1116 3341 obedientia
1129 3283 1222 3356 caust,

180 3377 449 3454 quamjuremerito
459 3377 624 3452 percollum
633 3377 772 3454 suspendi
782 3380 820 3435 ob
829 3377 1050 3453 Legesviolatas
1058 3384 1089 3434 et
1099 3378 1225 3453 patriam

180 3470 365 3528 libertatem!
410 3470 511 3527 ‘Sicut
526 3477 555 3526 te
570 3469 690 3527 decebat
705 3471 811 3528 dedisti
825 3469 1013 3546 responsum‚'
1027 3471 1128 3527 subdit
1142 3471 1226 3528 Prin=

179 3581 254 3637 ceps,
264 3563 316 3637 qui
330 3562 405 3619 hanc
419 3563 666 3618 concertationem
679 3564 750 3620 satis
763 3563 895 3620 vivacem
903 3563 1088 3620 auscultabat
1101 3585 1107 3620 :
1123 3564 1226 3640 ‘quin-

180 3654 271 3710 immo
286 3660 316 3710 et
330 3653 428 3728 gladio
450 3654 539 3710 simul
561 3660 592 3710 et
615 3654 719 3730 laqueo
733 3656 839 3732 dignus
859 3656 979 3712 videtur
999 3657 1166 3733 quicunque
1186 3677 1225 3715 ex

77 3812 80 3820 μ
180 3744 327 3801 militibus
341 3746 422 3802 secds
436 3751 542 3822 ageret
586 3747 677 3822 Spero
691 3749 769 3805 enim
790 3768 852 3806 non
865 3749 963 3805 minus
976 3750 1076 3807 abesse
1089 3749 1163 3826 quin
1180 3750 1225 3808 vel

180 3856 258 3894 unus
271 3857 310 3894 ex
323 3837 468 3894 militibus
482 3838 590 3914 Anglis
614 3841 785 3916 reperiatur,
801 3842 853 3918 qui
875 3847 977 3900 contra
990 3844 1101 3918 patrias
1122 3843 1224 3920 Leges,

174 3929 258 4004 jussa
280 3930 401 4004 exsequi
425 3931 507 4002 velit,
534 3951 623 4007 quam
647 3935 746 3992 abesse
767 3955 851 4011 spero
872 3935 946 4010 quin
967 3936 1041 3994 Dux
1063 3938 1223 4012 supremus

179 4020 340 4096 quidquam
365 4029 468 4080 contra
493 4024 607 4081 easdem
632 4026 725 4102 Leges
749 4029 823 4085 velit
846 4027 1127 4103 imperare.’'’—Ea·
1160 4028 1225 4088 Vita

179 4112 277 4174 Ducis
286 4114 475 4175 stomoma
488 4137 508 4176 a
522 4115 657 4178 dualtcro
671 4121 748 4180 Scott
761 4121 930 4197 ammaim.
