2976 4784
707 339 778 410 103

220 541 300 614 haec
317 540 473 639 quaestio
484 539 533 611 ad
545 537 753 610 Romanam
769 535 955 635 praecipue
972 544 1119 635 spectet
1135 538 1260 612 Eccle-

221 666 325 752 siam,
343 672 457 763 prout
474 672 533 738 est
550 663 728 737 Ecclesia.
1078 741 1081 746 ,

272 789 367 864 Oum
394 789 532 862 Russia
561 813 602 862 se
630 814 700 886 pro
730 787 913 862 Orientali
934 789 1054 885 jactet
1083 787 1260 877 Ecclesid,

222 914 473 989 Occidentalis
490 913 665 986 Ecclesiae
682 913 800 986 ambit
818 913 1122 988 destructionem.
1175 914 1201 987 J
1202 939 1263 987 am

220 1041 376 1112 tandem
404 1038 597 1136 cognitum
623 1039 803 1111 habemus
832 1062 906 1134 quo
933 1039 1045 1112 modo
1072 1039 1136 1112 illa
1160 1038 1262 1114 Sedi-

225 1164 336 1238 tionis
354 1189 462 1262 opem
479 1163 721 1238 invocaverit.
774 1163 866 1261 Ipsa
881 1164 1005 1261 palam
1022 1164 1264 1261 proclamavit

221 1287 285 1361 illo
320 1312 360 1361 se
386 1289 541 1363 consilio
577 1287 728 1361 Italiam
753 1287 850 1384 Regi
885 1287 1066 1362 Sardinia
1104 1288 1262 1374 dedisse,

221 1420 266 1485 ut
294 1412 497 1507 spiritalem
530 1412 724 1487 Pontificis
751 1420 936 1486 everteret
962 1413 1263 1486 auctoritatem*

222 1537 310 1610 Non
330 1545 459 1610 tamen
484 1538 556 1611 hoo
580 1537 754 1611 effectum
778 1543 849 1624 est,
869 1538 968 1610 sicut
991 1544 1030 1609 et
1051 1538 1203 1634 reliquae
1224 1537 1265 1609 in

222 1659 374 1756 Europd
391 1670 430 1734 et
449 1662 490 1732 in
510 1669 593 1733 toto
612 1660 714 1734 Orbe
740 1669 833 1733 ortae
858 1660 1094 1734 turbationes
1112 1669 1152 1733 et
1169 1661 1264 1735 sedi-

222 1783 359 1871 tiones,
378 1809 446 1880 per
463 1784 610 1857 Russiee
635 1783 857 1880 potentiam,
875 1785 916 1856 in
932 1785 1045 1858 rebus
1063 1793 1262 1882 agentem3

224 1909 291 1981 sed
306 1932 375 2007 per
392 1908 471 2004 ejus
489 1907 680 1994 astutiam,
691 1907 885 1979 hominum
903 1915 1050 1981 mentes
1058 1916 1263 2004 regentem.

224 2033 276 2106 Et
319 2032 360 2104 in
392 2031 466 2105 hoc
505 2031 690 2128 praecipue
728 2040 884 2129 apparet
921 2032 1001 2129 ejus
1036 2033 1186 2120 astutia,
1221 2042 1266 2107 ut

222 2156 393 2231 homines
410 2180 537 2229 rerum
555 2156 786 2252 agendarum
801 2156 961 2229 maxime
975 2157 1128 2230 callidos
1146 2158 1195 2230 ad
1212 2182 1264 2245 se,

223 2282 441 2380 quicunque
459 2306 504 2354 ex
521 2289 641 2378 perte,
659 2289 823 2369 revocet,
842 2289 955 2379 atque
973 2282 1122 2355 eosdem
1141 2281 1266 2355 subire

223 2414 335 2505 cogat
352 2406 561 2480 elaboratas
587 2429 837 2504 operosaeque
863 2404 1143 2501 disciplinarum
1159 2405 1265 2480 insti-

221 2533 402 2619 tutiones,
423 2531 551 2628 quales
577 2539 713 2604 ceterae
733 2528 874 2604 Gentes
900 2529 1080 2604 adhibent
1104 2555 1153 2604 ne
1170 2530 1280 2604 forte·

216 2658 475 2754 jurisconsulti
501 2657 572 2730 sibi
597 2657 733 2745 desint,
760 2656 907 2744 medici,
925 2656 985 2731 vel
1010 2655 1265 2729 machinarum

223 2783 394 2855 artifices.
448 2779 694 2879 Qudpropter,
715 2781 746 2854 si
763 2782 982 2856 Auctoritas
1003 2781 1202 2856 Pontificia
1226 2806 1267 2854 se

223 2914 354 2976 eontra
380 2905 525 2977 Russos
554 2903 753 2978 defendere
773 2905 945 2991 voluerit,
967 2905 1081 2978 immo
1107 2929 1265 3001 cognos-

223 3051 306 3099 cere
332 3028 459 3099 utrum
492 3027 681 3122 possibilis
708 3027 757 3100 sit
785 3027 950 3101 defensio
986 3034 1024 3100 et
1057 3028 1187 3115 facilis,
1216 3053 1266 3101 an

223 3151 381 3224 difficilis
399 3150 459 3224 vel
482 3149 735 3247 impossibilis,
753 3150 792 3222 id
810 3151 921 3224 debet
945 3175 1056 3247 egere
1073 3151 1174 3247 quod
1190 3152 1266 3248 ipsi

223 3281 341 3372 agunt
358 3273 473 3346 Russi
490 3298 498 3344 :
525 3271 695 3346 homines
713 3273 824 3347 debet
839 3273 1049 3346 instituere.

273 3399 359 3472 Hoc
377 3397 574 3472 consilium
591 3396 725 3494 viginti
751 3406 913 3494 quatuor
929 3397 1065 3471 abhinc
1081 3396 1190 3470 annis
1208 3397 1265 3470 in·

221 3525 276 3599 ire
293 3524 451 3622 parebat
468 3521 677 3596 Gnueonrus
695 3521 803 3597 XVI.
813 3548 829 3610 ·;
847 3530 887 3595 at
910 3530 1058 3620 tempus
1075 3522 1129 3594 illi
1146 3521 1266 3596 defuit

262 3713 280 3746 ⁴
301 3713 377 3771 Haec
389 3711 480 3769 habet
494 3709 667 3788 Ephemeris
677 3708 869 3768 Moscoviana
882 3730 889 3768 :
911 3715 929 3745 “
939 3709 1062 3768 Prorsus
1075 3713 1266 3771 amaram

221 3814 267 3868 est
280 3806 396 3864 Russiae
409 3811 445 3862 ut
458 3805 550 3862 Italia
562 3823 624 3862 una
636 3804 710 3877 fiat3
730 3811 763 3862 at
773 3823 834 3862 una
846 3804 912 3862 fieri
924 3803 1030 3879 nequit
1038 3805 1099 3862 nisi
1111 3805 1144 3863 in
1158 3805 1265 3879 Romt,

221 3919 309 3977 quam
324 3905 433 3956 natura
441 3898 547 3955 statuit
561 3897 862 3974 ItaliaeMetropolim.
891 3896 1016 3955 Sublato
1029 3897 1171 3956 Dominio
1182 3899 1267 3957 Tem-

220 3991 324 4069 porali‚
339 3991 412 4048 fides
426 3990 590 4048 orthodoxa
604 3987 749 4071 [Ecclesia
773 3990 877 4048 Graeca
899 3987 1023 4070 scilicet]
1038 3991 1071 4047 in
1092 3990 1155 4068 ipat
1168 3991 1266 4050 Roma

220 4083 427 4161 triumphabit.
456 4083 581 4160 Utique,
590 4104 651 4142 non
660 4085 774 4144 malm
783 4083 826 4142 ad
836 4085 932 4142 emar
944 4091 1156 4159 mutumne
1168 4089 1262 4157 owed,

221 4175 484 4237 animadvertimus
497 4176 652 4234 historiam
666 4176 773 4251 Italiae,
782 4177 821 4235 ad
834 4176 951 4235 culmen
959 4175 1024 4252 jam
1037 4175 1236 4253 perductam”
