2976 4784
736 295 783 367 58

242 521 337 595 quae,
361 503 404 569 ut
417 520 502 569 cum
528 495 658 568 eodem
682 491 864 567 Pontifice
888 491 1032 588 loquar,
1052 491 1130 562 “in
1157 497 1285 588 partes

241 621 379 695 detrita
390 619 529 718 jacet.”

292 744 374 836 Qut
391 746 437 819 de
453 768 495 819 re
511 744 566 818 ita
581 743 825 841 philosophus
844 742 994 839 quidam
1011 739 1151 828 Gallus,
1171 766 1193 814 a
1209 739 1282 813 fide

242 868 453 944 Christiani
470 893 638 944 aversus:
668 875 691 910 “
706 868 764 941 Ne
781 866 873 940 mihi
893 867 1030 941 referas
1050 864 1280 951 unrocum,

241 993 407 1082 Lnouru,
443 994 639 1080 Uessuuu,
675 992 940 1078 quocnurrum
976 990 1142 1087 aliosque
1184 1013 1284 1064 com·

241 1117 433 1215 plurimos,
452 1116 516 1214 qui
533 1117 632 1189 mille
648 1116 783 1189 abhinc
809 1114 916 1190 annis
933 1114 1068 1213 magni
1086 1113 1283 1188 sanctitate

239 1242 457 1316 floruerunt.
511 1241 596 1315 Hoc
630 1241 729 1314 enim
762 1240 964 1338 poscimus,
992 1247 1037 1311 ut
1070 1238 1151 1335 ipse
1184 1225 1283 1310 nunc

241 1375 393 1442 sanctus
412 1367 476 1454 sis,
493 1375 538 1439 ut
553 1365 711 1463 proinde
732 1365 958 1439 universitas
975 1364 1126 1438 moralis
1144 1388 1283 1452 rerum,

241 1516 316 1564 uno
335 1514 530 1576 consensu,
549 1490 598 1563 ad
613 1498 701 1563 tuos
717 1490 831 1587 pedes
847 1486 1153 1587 provolvatur.''*

291 1615 466 1689 Minister
505 1616 725 1688 Protestans
760 1615 921 1712 quidam,
956 1639 1076 1710 nuper
1109 1613 1282 1687 Decanus

242 1739 419 1813 Ecclesiae
438 1738 476 1814 S.
496 1738 604 1813 Pauli
629 1739 728 1838 apud
753 1739 976 1825 Londinum,
995 1739 1085 1811 dum
1108 1738 1282 1811 derebus

240 1864 525 1963 ,antehbcgestis
538 1866 728 1952 scriberet,
741 1863 1281 1962 quodnuncfieripotestindi-

243 1990 358 2078 cavit3
379 1990 598 2065 “Genooruo
609 1990 663 2063 M.
676 1991 883 2087 Regnante,
902 1988 1075 2062 Pontifex
1091 1988 1283 2062 Romanus

240 2115 669 2213 primumrequidemet
682 2112 1109 2203 auctoritate,sinmini1s
1120 2113 1283 2201 nomine,

242 2239 420 2337 Princeps
439 2240 567 2314 Civilis
585 2240 714 2314 evasit.
750 2239 880 2337 Neque
896 2237 984 2313 verb
1002 2263 1071 2336 pro
1090 2238 1286 2312 conatibus

242 2363 449 2436 ambitiosis
462 2363 623 2436 habendi
636 2371 725 2436 sunt
737 2363 855 2460 ipsius
869 2370 988 2450 actus,
1001 2361 1106 2459 quasi
1118 2362 1286 2436 Ecclesia

241 2486 389 2581 injure
410 2484 536 2560 Civilis
562 2486 767 2560 Potestatis
803 2511 843 2561 se
866 2486 1122 2562 intromiserit.
1175 2485 1281 2576 Quae-

243 2633 389 2706 cunque
402 2609 492 2705 egit,
508 2635 554 2684 ex
565 2611 776 2708 purioribus
789 2613 1040 2709 procedebant
1050 2611 1212 2699 motivis,
1226 2611 1286 2685 vel

242 2732 559 2829 ipsinecessitate
572 2743 741 2833 cogente.
786 2735 908 2827 Quum
921 2737 1106 2836 principes
1118 2736 1285 2835 legitimi,

242 2856 420 2932 incuriosi
437 2858 567 2956 utique
593 2869 632 2934 et
655 2860 807 2948 inertes,
830 2862 1051 2936 auctoritate
1078 2886 1159 2937 sese
1184 2861 1286 2935 abdi·

244 2981 403 3070 cassent,
422 2983 519 3058 hanc
538 2985 746 3082 susciperet
762 2984 947 3073 Pontifex,
966 3010 1118 3060 necesse
1135 2995 1228 3074 erat,
1245 2985 1287 3059 ni

243 3107 359 3182 vellet
372 3108 514 3182 Urbem
529 3110 786 3208 Populumque
800 3111 984 3186 anarchiae
1002 3112 1179 3186 deditum.
1216 3111 1284 3200 Ea,

246 3231 317 3327 qut
346 3233 534 3328 gaudebat
559 3235 774 3323 auctoritas,
800 3236 986 3309 communi
1012 3237 1177 3309 omnium
1202 3262 1288 3310 con-

246 3378 360 3429 sensu
376 3357 579 3447 nitebatur,
595 3360 657 3456 qui
675 3385 758 3433 eam
774 3361 975 3434 beneficam
988 3359 1274 3458 judicarent.’'†

294 3480 350 3552 At
378 3483 477 3570 verb,
501 3509 578 3558 non
607 3485 731 3558 minbs
761 3491 820 3557 est
845 3483 1019 3557 Pontifex
1044 3484 1143 3556 inter
1163 3482 1287 3579 Reges

244 3605 515 3681 nominandus:
544 3631 590 3680 ex
613 3606 827 3705 Principum
853 3632 966 3705 grege
988 3606 1182 3680 habendus
1205 3614 1285 3694 est3

243 3728 284 3802 in
300 3730 346 3804 iis
363 3739 490 3806 tamen
506 3732 669 3829 negotiis
686 3756 878 3829 nunquam
895 3755 978 3806 sese
994 3730 1208 3820 immiscuit,
1220 3757 1288 3831 per

354 3999 372 4031 ⁴*
392 3999 512 4060 “Fides
526 4000 722 4077 christiam?
736 4023 764 4080 p.
780 4003 828 4063 59.
870 4004 928 4063 Est
941 4023 1014 4083 opus
1028 4005 1170 4076 Quinctii

349 4092 369 4160 †
391 4091 571 4153 “Milmnn’s
591 4094 682 4154 Latin
702 4094 923 4174 Christianity,''
936 4103 1008 4158 tom.
1023 4099 1054 4159 ii
1070 4119 1097 4178 p.
1116 4101 1183 4163 130.

116 4410 329 4504 A
