2976 4784
718 324 788 393 102

231 522 435 595 “Mundus
452 521 491 593 in
508 519 670 594 tenebris
695 519 904 594 deerravit:
935 510 1123 619 Syllabum
1154 522 1273 610 emisi,

231 647 295 744 qni
316 648 444 721 lumen
474 653 573 720 esset
609 652 648 718 et
677 645 858 717 mundum
886 644 926 718 in
952 644 1052 718 viam
1079 647 1277 722 reduceret

227 771 434 853 veritatis.”
488 770 540 844 Et
555 768 712 843 iterum:
739 769 1080 866 “Quotiescunque
1097 771 1274 845 Pontifex

230 896 446 969 solemniter
461 893 640 991 loquitur,
657 894 774 967 verba
791 917 858 966 sua
874 894 915 965 in
932 894 1042 967 obvio
1060 918 1173 968 sensu
1189 896 1271 968 vult

229 1022 347 1096 sumi:
368 1029 406 1094 et
421 1021 462 1092 id
479 1020 578 1117 quod
596 1017 690 1091 dixit
708 1017 829 1091 dicere
845 1016 1000 1091 voluit.'’

279 1145 393 1219 Modo
411 1143 522 1218 Orbis
541 1143 753 1217 catholicus
764 1143 864 1215 idem
882 1166 967 1214 cum
984 1141 1167 1216 Pontifice
1185 1167 1269 1217 sen·

229 1266 330 1354 tiret,
350 1290 443 1364 opus
455 1267 534 1364 jam
551 1273 745 1363 peractum
766 1272 877 1353 esset,
897 1290 964 1339 seu
984 1265 1108 1364 potius
1126 1267 1271 1340 nullum

230 1398 331 1465 esset
354 1415 447 1487 opus
473 1390 672 1486 agendum.
724 1391 779 1462 At
805 1390 1007 1464 dolendum
1032 1398 1191 1463 estnon
1216 1390 1273 1465 ita

229 1539 309 1588 rem
344 1539 383 1588 se
416 1514 575 1587 habere:
622 1539 668 1585 ex
699 1513 787 1587 ovili
818 1513 990 1587 oriuntur
1021 1513 1270 1603 difficultates,

229 1641 319 1713 dum
344 1647 532 1737 nequeant
558 1639 727 1713 homines
749 1640 810 1713 vel
837 1646 1002 1713 mentem
1032 1638 1192 1736 assequi,
1210 1641 1273 1715 vel

229 1789 407 1862 magnum
449 1765 614 1837 animum
657 1763 771 1838 toties
812 1763 1042 1837 illustratum
1094 1763 1271 1838 admirari

229 1890 435 1964 romnus
466 1889 541 1987 qui,
573 1890 740 1963 omnium
766 1895 951 1986 quotquot
976 1889 1097 1963 Pereo
1124 1913 1271 1963 succes-

229 2023 370 2105 serunt,
389 2015 564 2090 Mtxmus
581 2015 713 2088 meritt
730 2015 990 2112 appellaretur.

710 2308 781 2382 VI.

485 2470 691 2568 Collegium
712 2470 1016 2567 Diplomatioum.

276 2633 458 2730 Magnum
478 2632 606 2708 reverit
630 2633 836 2730 negotium,
862 2641 901 2709 et
926 2642 1143 2707 ceterorum·
1162 2635 1272 2731 quasi

227 2761 340 2832 cardo
368 2757 431 2829 ille
458 2765 527 2844 est,
559 2765 602 2829 ut
633 2757 720 2854 quid
750 2757 791 2828 in
814 2756 914 2841 Orbe
944 2764 1079 2854 agatur
1099 2757 1273 2834 homines

227 2889 469 2982 cognoscant.

277 3034 371 3107 Tam
387 3033 463 3105 late
488 3039 614 3104 tamen
631 3039 739 3129 patet
758 3031 837 3104 haec
855 3030 1022 3118 materia,
1041 3037 1085 3102 ut
1103 3032 1150 3103 ad
1166 3029 1268 3103 illam

226 3160 336 3258 digne
348 3158 584 3230 tractandam
593 3155 1030 3254 integrivixsufficerent
1039 3154 1135 3228 libri.
1163 3155 1275 3228 Bono

225 3291 352 3358 autem
373 3281 536 3369 fortuni,
555 3290 614 3354 est
641 3281 752 3355 simul
778 3281 869 3354 adet
896 3281 1065 3378 simplex,
1084 3287 1128 3352 ut
1144 3287 1271 3353 totum

224 3433 301 3480 uno
330 3406 407 3478 ictu
444 3405 609 3502 conspici
643 3405 774 3501 possit.
835 3405 877 3477 ,A
912 3405 1072 3501 quodam
1107 3404 1272 3478 Praelato

226 3530 489 3604 Ecclesiastico
520 3530 589 3603 htc
613 3529 759 3602 ratione
793 3538 852 3603 est
887 3554 1105 3627 expressum
1119 3535 1206 3602 :-“
1220 3528 1269 3600 'Id

133 3745 135 3749 y
225 3652 344 3751 primo
379 3651 545 3725 omnium
587 3654 830 3726 statuendum
863 3654 1024 3741 videtur,
1061 3651 1271 3727 Ecclesiam

62 4346 194 4488 ἢ

225 3801 307 3850 esse
331 3776 470 3849 Rerum
498 3776 678 3873 ignaram,
699 3786 737 3851 et
764 3778 860 3850 hanc
887 3802 992 3851 suam
1016 3775 1271 3876 ignorantiam

224 3900 418 3974 amandari
443 3899 616 3974 debere.’'

274 4024 440 4115 Quaestio
467 4026 639 4124 quaedam
669 4024 797 4123 magni
831 4026 1024 4114 momenti,
1055 4049 1126 4099 nec
1155 4024 1272 4100 ullius

222 4150 371 4249 patiens
392 4175 519 4240 morae,
538 4149 716 4225 continuo
735 4151 914 4226 solvenda
931 4158 1126 4227 occurret:
1155 4150 1272 4248 porro
