2976 4784
686 293 734 370 28

196 493 351 590 gerendi
375 495 601 568 necessitas:
635 496 732 568 bella
754 494 1007 583 nihilominus,
1027 519 1093 569 seu
1113 494 1238 593 potius

196 643 257 692 res
291 644 314 692 a
347 619 526 692 miiitibus
561 628 700 717 gestas,
732 620 866 717 quibus
899 620 987 692 belli
1016 645 1153 694 nomen
1180 630 1239 694 est

197 743 359 829 affixum,
379 743 425 817 ab
452 769 496 817 eo
523 745 582 818 die
600 746 648 816 ad
672 769 838 842 praesens
855 769 974 841 usque
992 753 1140 842 tempus
1160 745 1238 819 sine

196 866 470 941 intermissione
487 868 724 941 continuatas
741 868 924 942 vidimus:
952 869 1072 967 primo
1090 870 1239 967 quidem

196 991 237 1063 in
261 991 363 1079 Asin,
383 993 516 1065 deinde
539 993 578 1064 in
600 992 761 1090 Europd,
780 1002 912 1091 postea
937 995 975 1066 in
999 994 1182 1083 Amerina,
1202 1004 1240 1070 et

196 1116 299 1190 hisce
317 1118 474 1215 denique
497 1118 628 1191 diebus
651 1119 691 1189 in
707 1118 852 1192 Africo:
882 1143 963 1215 quae
987 1121 1111 1193 omnia
1134 1122 1194 1194 vel
1217 1147 1240 1194 a

199 1240 339 1315 directd
365 1243 509 1316 actione
534 1241 880 1340 GuberniiAnglici
904 1252 994 1317 sunt
1019 1253 1161 1333 exorta,
1179 1247 1239 1319 vel

201 1368 248 1440 ab
278 1367 443 1463 ejusdem
468 1367 685 1440 incitatione
710 1366 892 1439 indirectd
904 1393 913 1454 ;
941 1368 1001 1442 vel
1025 1368 1148 1440 locum
1175 1368 1239 1440 ob·-

197 1491 392 1564 tinuerunt
429 1517 497 1590 per
534 1493 745 1590 generalem
783 1493 927 1591 Legum
970 1504 1237 1593 contemptum,

199 1615 263 1712 qui
287 1617 347 1690 vel
373 1641 419 1689 ex
439 1618 550 1690 modo
574 1616 708 1714 agendi
729 1618 952 1714 Anglorum‚
979 1621 1039 1692 vel
1063 1645 1108 1692 ex
1130 1620 1240 1717 hujus

197 1741 321 1838 gentis
338 1742 571 1829 auctoritate,
590 1741 874 1814 fundamentum
892 1745 1046 1841 accepit.
1181 1787 1184 1793 -

249 1865 340 1957 Quae
366 1867 413 1939 ab
434 1866 568 1962 Anglis
595 1874 704 1963 gesta
730 1866 903 1954 diximus,
931 1875 1076 1941 caeterae
1107 1875 1239 1963 gentes

199 1992 364 2095 Europae
398 1993 548 2065 minime
583 1992 939 2064 animadverterunt.
1003 1992 1134 2066 Deleta
1162 1994 1241 2089 jam

199 2118 225 2192 J
225 2118 301 2191 uris
317 2117 482 2202 notione,
501 2116 590 2188 novi
602 2116 765 2188 oriminis
783 2125 918 2188 natura
934 2118 1097 2204 latebat3
1124 2119 1242 2214 petita

199 2244 303 2316 natio
330 2240 439 2337 longe
465 2240 641 2325 distabat,
663 2247 846 2336 “pagana
870 2240 1136 2337 barbaraque'’
1157 2267 1241 2314 cen·
1333 2252 1338 2256 '

201 2369 364 2451 sebatur,
382 2365 422 2436 in
440 2364 544 2460 cujus
561 2364 722 2458 gratiam
739 2365 850 2437 nullae
867 2365 970 2460 leges
988 2365 1239 2462 respiciendae.
1259 2368 1262 2372 '

200 2488 351 2585 Injurioe
380 2486 548 2560 latebant
574 2486 613 2558 in
643 2487 834 2584 Europam
863 2489 1068 2560 resulturae.
1121 2489 1244 2563 Immo

202 2613 322 2688 Gallia
352 2613 515 2710 ejusdem
541 2613 747 2708 iniquitatis
774 2638 867 2710 opus
897 2613 936 2684 in
966 2614 1094 2686 Africa
1113 2616 1242 2711 paucis

202 2746 289 2812 ante
307 2739 414 2815 annis
433 2763 622 2834 aggressa,
642 2746 773 2834 postea
797 2738 837 2809 in
854 2737 1000 2817 Meniod
1017 2747 1055 2811 et
1070 2738 1244 2812 Americd

201 2863 436 2937 Meridionali
453 2871 534 2935 erat
550 2871 758 2960 persecuta.

253 2987 498 3084 Occupationi
514 2987 747 3083 Affghanicae
764 2989 949 3083 extemplo
967 2988 1145 3062 successit
1162 2987 1242 3061 Pri·

200 3139 303 3185 mum
321 3113 468 3185 Bellum
496 3111 672 3198 Sinicum‚
690 3113 829 3185 bellum
858 3111 1040 3209 (inquam)
1071 3115 1170 3209 quod
1197 3115 1245 3186 ad

201 3239 303 3335 ipsos
331 3237 507 3311 Sinenses
534 3239 739 3332 spectabat,
768 3238 869 3333 quod
890 3239 938 3309 ad
954 3238 1111 3333 Anglos,
1130 3239 1243 3310 latro·

202 3362 339 3437 oinium
354 3388 363 3446 ;
391 3369 505 3458 prout
519 3344 732 3433 solemniter
749 3361 1000 3458 praedicarunt
1018 3361 1056 3432 in
1073 3362 1137 3432 lite
1156 3359 1243 3456 quat

201 3489 289 3559 dam
325 3486 528 3558 dirimendd
556 3486 701 3581 judices
728 3487 855 3583 Angli.
909 3487 1065 3572 Deinde,
1098 3484 1246 3582 excepit

201 3611 386 3683 exercitus
399 3610 606 3683 Britannici
617 3612 655 3683 in
663 3612 934 3707 Affghanorum
946 3613 1080 3685 finibus
1093 3611 1243 3706 stragis,

199 3732 448 3824 vindictaeque
482 3734 592 3807 causd
628 3735 792 3808 incursio
835 3735 982 3808 iterata.
1055 3735 1246 3809 Successit

202 3859 361 3931 alterum
373 3867 411 3932 et
429 3860 596 3933 Tertium
614 3887 699 3935 oum
719 3859 938 3934 Sinensibus
954 3862 1125 3947 Bellum3
1145 3867 1245 3932 atro·

202 3982 306 4056 cibus
323 3984 518 4058 horrendae
536 3985 778 4058 immanitatis
802 3985 1028 4059 facinoribus
1045 3995 1246 4082 utrumque

203 4113 361 4183 scatens.
436 4108 565 4183 Unum
602 4115 735 4206 postea
776 4115 816 4182 et
855 4109 1015 4184 alterum
1052 4109 1247 4183 Persicum

63 4446 224 4496 A
