2976 4784
711 304 757 376 31

110 595 120 603 .
220 504 379 579 dicitur:
410 503 495 601 qut,
519 503 603 577 cum
630 505 678 576 de
702 502 864 599 quodam
882 499 1155 574 Guberniorum
1176 501 1261 597 jure
1298 592 1300 594 ,

218 629 408 702 communi
433 626 657 702 stabiliendo
684 633 985 724 praesumeretur,
1014 626 1062 697 ad
1085 633 1258 698 mutuum

220 753 290 827 sibi
327 755 583 852 praestandum
623 752 801 826 auxilium
837 757 969 825 contra
1002 750 1184 836 subditos,
1221 749 1259 822 id

219 879 371 952 tandem
411 879 584 952 effectum
619 877 805 973 estquod
842 874 961 949 soldm
992 873 1259 949 Contentionis

219 1003 339 1100 primo
371 1004 516 1077 auctori
551 1003 623 1076 fuit
657 1003 696 1074 in
726 1008 853 1074 mente
865 1027 875 1089 ;
902 1008 946 1073 ut
987 1025 1123 1097 nempe
1148 1023 1258 1095 quam

219 1128 398 1202 latissime
428 1136 594 1236 serperet
622 1127 831 1201 Revolutio
884 1126 1057 1199 Debebat
1088 1125 1260 1199 videlicet

219 1254 508 1349 unumquodque
521 1249 751 1326 Gubernium
770 1273 859 1323 suas
875 1259 1054 1348 praestare
1071 1248 1199 1346 copias
1211 1251 1259 1323 od

220 1379 458 1453 debellandos
476 1378 640 1476 cujusvis
659 1377 838 1453 Gubernii
855 1377 1046 1462 subditos;
1076 1377 1261 1450 debebant

219 1504 373 1599 proinde
392 1529 521 1578 omnes
540 1503 680 1577 subditi
707 1502 854 1598 singula
880 1499 1068 1574 Gubernia
1096 1502 1261 1576 collectis

219 1626 361 1700 viribus
389 1634 527 1723 petere.
580 1626 819 1721 Alienigenas
855 1625 970 1698 inter
988 1632 1028 1697 et
1054 1625 1153 1698 cives
1182 1650 1260 1698 non

221 1748 378 1845 amplids
390 1750 653 1822 attendebatur
666 1748 866 1821 distinctio.
895 1747 1102 1844 Unicuique
1114 1749 1261 1836 licebat,

220 1872 453 1968 ubicumque,
481 1880 631 1945 etcum
660 1871 826 1967 quolibet
858 1871 984 1957 rixari,
1017 1879 1054 1943 et
1084 1897 1153 1968 pro
1178 1873 1263 1968 jure
1336 1915 1346 1931 ·

219 1997 372 2070 tandem
390 1997 626 2069 statuebatur
648 2003 692 2068 ut
715 1994 827 2067 homo
850 1994 1039 2067 hominem
1055 2021 1124 2092 pro
1141 1997 1263 2068 lubitu

221 2145 288 2194 suo
310 2120 511 2218 jugularet.
581 2121 811 2194 Probrosum
846 2119 918 2192 hoo
961 2126 999 2192 et
1040 2121 1263 2217 sacrilegum

220 2244 555 2320 Foedus-Christi
585 2245 682 2319 enim
709 2244 858 2317 Nomen
883 2269 961 2341 prae
996 2269 1036 2318 se
1069 2243 1264 2319 ferebat—
1349 2282 1352 2288 ·

219 2371 388 2445 illicitum
413 2395 556 2443 morem
581 2368 790 2444 introduxit
816 2369 978 2443 habendi
1007 2368 1260 2467 Congressus:

220 2496 284 2593 qui
319 2494 555 2593 Congressus
588 2495 716 2569 illicita
748 2518 979 2593 progenuere
1002 2496 1110 2568 bella.
1162 2493 1263 2569 Hinc

219 2622 318 2694 enirn
343 2621 534 2695 Austriaci
569 2620 730 2718 Neapoli
754 2620 894 2693 bellum
919 2620 1140 2707 intulerunt,
1175 2619 1263 2695 hinc

220 2746 399 2842 Hispanis
419 2746 539 2820 Galli:
567 2746 655 2819 hinc
673 2754 756 2819 orta
769 2753 827 2818 est
844 2745 908 2817 illa
919 2770 1064 2818 summa
1081 2744 1261 2831 confusio,

220 2867 258 2939 in
276 2869 388 2939 rebus
407 2867 517 2940 simul
533 2875 572 2940 et
588 2868 628 2939 in
640 2867 834 2940 hominum
851 2868 1050 2953 mentibus
1066 2890 1177 2962 quam
1190 2868 1263 2940 huc

222 3013 341 3085 usque
356 2990 622 3085 praevalentem
638 2991 819 3063 videmus.

271 3110 366 3185 Haeo
387 3113 476 3183 dum
492 3112 532 3183 in
550 3112 769 3185 occidentali
794 3112 954 3208 Europae
977 3119 1087 3208 parte
1108 3135 1263 3208 ageren-

221 3243 296 3324 tur,
315 3236 355 3307 in
374 3234 525 3309 Oriente
538 3235 637 3308 facta
654 3243 713 3309 est
728 3234 953 3309 interventio
975 3259 1057 3331 quae
1075 3235 1144 3308 sub
1162 3236 1263 3332 pacis

219 3369 418 3458 praetextu,
458 3358 586 3433 revere
634 3360 683 3443 ad
721 3359 1015 3432 subvertendum
1057 3358 1263 3457 Imperium

220 3485 414 3558 turcicum
431 3483 684 3556 ordinabatur.
739 3483 858 3558 Graeci
885 3484 931 3557 ad
956 3484 1263 3557 tumultuandum

221 3609 389 3682 aRussis
407 3615 496 3681 sunt
512 3607 726 3704 pertentati.
763 3606 801 3680 N
802 3607 973 3681 oluerunt
990 3607 1139 3704 quidem
1149 3608 1264 3705 Angli

221 3730 346 3806 Sacrae
382 3730 631 3806 Conventioni
673 3754 810 3805 nomen
853 3731 969 3806 dare:
1023 3732 1263 3825 nihilominfrs

220 3856 430 3953 Anglorum
446 3857 593 3954 legatus
618 3864 745 3953 partes
772 3855 971 3930 Russiucas
1000 3854 1262 3931 Constantino·

219 3981 297 4076 poli
322 3981 484 4053 tuendas
518 3979 695 4077 suscepit,
725 3987 925 4078 postquam
963 3981 1138 4078 proprius
1166 3981 1262 4056 Rus·

221 4125 348 4176 sorum
374 4103 542 4200 Legatus
568 4105 616 4177 ab
649 4104 719 4179 lato
752 4106 846 4178 urbe
881 4105 1115 4180 discesserat.
1169 4104 1264 4178 Onm
