2976 4784
675 281 743 398 '81

148 553 149 557 ¹
190 520 442 618 intelligerent
479 523 650 596 homines
693 548 766 621 quo
808 549 940 624 reapse
981 528 1112 600 tendat
1153 518 1234 600 haec

193 647 329 743 agendi
362 647 481 735 ratio;
528 648 560 722 si
602 651 848 723 exardescens
887 651 1080 725 hominum
1113 651 1234 749 indig-

191 771 295 845 natio
321 771 362 844 in
392 798 473 846 eam
508 797 548 847 se
584 772 784 870 dirigeret3
824 782 915 848 tunc
947 777 1077 873 utique
1105 800 1235 849 omnes

192 893 459 969 inveherentur
492 897 531 968 in
565 897 659 970 istos
687 897 750 993 qui
780 923 865 972 cum
900 899 1036 996 quiete,
1063 899 1236 996 omnique

194 1019 359 1114 periculo
402 1029 558 1109 semoto,
594 1047 641 1094 ex
684 1024 917 1097 conclavium
960 1033 1104 1099 secreto
1146 1024 1237 1098 talia

195 1145 435 1220 mandassent
451 1147 637 1235 facinora;
656 1173 813 1245 ,unaque
840 1150 1006 1222 omnium
1022 1175 1097 1224 vox
1115 1174 1236 1223 erum·

194 1280 310 1367 peret,
361 1279 384 1314 “
402 1272 538 1348 Adhuc
586 1274 690 1348 locus
752 1275 862 1347 datur
918 1275 1237 1348 criminationibus

195 1397 395 1493 politicis.'’
448 1400 542 1473 Haec
569 1391 725 1495 proinde
769 1400 894 1472 omnia
934 1402 1028 1473 bene
1072 1401 1239 1474 sentiunt

199 1522 415 1618 hujusmodi
446 1524 516 1597 viri
551 1533 589 1597 et
613 1523 842 1620 intelligunt,
884 1525 970 1621 quia
1004 1534 1054 1612 et,
1090 1524 1235 1598 occulto

196 1647 323 1720 nescio
359 1672 432 1743 quo
476 1648 579 1720 ducti
621 1647 815 1734 instinctu,
848 1671 955 1720 suam
998 1673 1149 1721 causam
1178 1645 1240 1742 agi

198 1771 357 1841 credunt
391 1770 535 1866 quoties
569 1771 713 1843 oriatur
756 1795 877 1843 sermo
912 1771 958 1842 de
992 1771 1156 1867 Legibus
1192 1771 1240 1842 ad

197 1892 350 1989 negotia
382 1893 534 1991 politica
576 1893 817 1992 applicandis.
870 1893 1010 1967 Omnes
1046 1895 1108 1991 qui
1141 1894 1238 1996 hanc

201 2018 271 2091 sibi
304 2019 500 2092 materiam
542 2019 779 2092 tractandam
823 2017 1044 2113 suscipiunt,
1079 2015 1241 2090 maxima

197 2171 283 2219 cum
300 2147 388 2220 cura
408 2148 616 2245 ponderare
642 2148 780 2220 debent
807 2154 846 2219 et
875 2148 1095 2243 intelligere,
1115 2147 1239 2243 obsta·

199 2273 367 2346 culorum
400 2272 476 2346 vim
511 2297 594 2373 quae
630 2272 701 2345 sibi
735 2279 985 2371 opponentur,
1018 2297 1129 2368 quam
1154 2296 1239 2368 pro-

73 2479 77 2489 ,
152 2401 154 2404 ⁴
195 2396 309 2470 funde
328 2397 401 2470 sita
419 2397 505 2484 sint,
526 2423 710 2494 quamque
726 2398 869 2471 valida:
898 2422 1045 2471 necnon
1061 2396 1238 2482 rationes,

198 2521 320 2596 varias
342 2521 492 2617 quidem
510 2530 548 2595 et
573 2523 769 2619 pollentes,
796 2546 878 2618 quae
897 2522 945 2595 ad
971 2546 1031 2595 res
1054 2528 1137 2597 tum
1157 2546 1240 2619 per-

198 2648 405 2720 turbandas
423 2656 506 2719 tum
524 2648 817 2744 corrumpendas
840 2648 1010 2734 invectae,
1032 2647 1102 2720 sibi
1131 2653 1243 2720 erunt

195 2771 473 2847 sustentandae:
502 2796 584 2867 quae
601 2772 726 2844 omnia
751 2797 836 2845 eum
863 2773 1045 2844 duntaxat
1062 2771 1109 2843 ob
1127 2771 1240 2844 finem

197 2894 352 2973 inducta
376 2894 568 2982 videbunt,
594 2902 639 2966 ut
669 2919 750 2991 quaa
777 2903 903 2991 agant,
922 2894 1059 2968 effectu
1076 2901 1238 2980 careant,

199 3017 260 3091 vel
275 3042 354 3090 non
372 3015 529 3115 ampliiis
547 3042 792 3114 progressum
809 3017 1012 3122 obtineant.

245 3140 354 3232 Quod
397 3141 429 3214 si
473 3141 572 3214 hunc
624 3142 789 3215 laborem
837 3143 1008 3213 Romana
1058 3140 1237 3237 suscipiat

198 3266 375 3354 Ecclesia,
416 3266 499 3362 ipsa
539 3265 669 3362 utique
711 3267 819 3362 plura
858 3265 1023 3338 inveniet
1057 3289 1139 3360 quae
1171 3287 1238 3337 suo

197 3397 437 3490 opponantur
479 3389 646 3477 oonsilio,
681 3396 721 3462 at
762 3390 904 3486 majora
942 3388 1055 3461 etiam
1089 3413 1135 3461 ex
1167 3388 1239 3461 hoe

117 3523 119 3528 '
196 3522 335 3590 conatu
356 3514 578 3613 provenient
606 3515 727 3601 bona3
757 3511 1068 3611 quemadmodiim
1102 3537 1237 3586 econ-

197 3641 315 3714 trario
334 3639 481 3714 eveniet
507 3639 540 3713 si
564 3639 604 3711 id
628 3639 794 3711 muneris
820 3663 1050 3735 quaecunque
1067 3637 1138 3710 alia
1154 3661 1239 3735 pro·

198 3774 377 3862 sequatur
394 3765 574 3840 Ecclesia.
627 3765 702 3839 Eac
728 3765 827 3837 enim
848 3764 1017 3837 Ecclesia
1033 3763 1241 3860 Anglicana

198 3889 319 3987 Leges
360 3891 598 3964 restaurandi
632 3888 793 3963 officium
837 3888 908 3962 sibi
942 3896 1133 3962 assumat:
1169 3888 1241 3961 hoc

195 4014 302 4087 omni
318 4012 453 4088 effectu
478 4016 579 4088 ultra
607 4014 717 4112 hujus
748 4013 924 4088 Ecclesiae
953 4012 1090 4084 limites
1116 4018 1241 4084 careat

144 4195 147 4200 .
196 4162 350 4212 necesse
384 4147 453 4212 est.
524 4141 608 4214 Hoc
642 4138 796 4214 consilio
839 4137 910 4211 sibi
950 4135 1158 4233 proposito,
1194 4134 1240 4208 de

711 4283 733 4334 n
