2976 4784
687 282 733 352 18

191 481 391 556 obtinetur.
434 479 492 553 De
508 485 655 552 uenturo
672 477 802 574 utique
819 478 940 573 Reque
958 477 1076 550 Divus
1094 476 1232 552 Paulus

191 607 306 681 verba
323 606 441 691 fecit3
477 613 517 677 at
545 606 591 677 de
610 603 748 699 judicio
773 603 935 700 primum
962 610 1000 675 et
1018 604 1064 675 de
1084 602 1234 698 justitiet

192 731 462 804 sermocinatus
481 737 550 802 est.
604 727 629 800 J
631 754 690 800 am
708 726 796 800 verb
813 728 955 824 primus
979 753 1023 800 ex
1040 727 1112 800 hoc
1130 736 1231 802 tene·

192 854 344 926 brarum
361 853 543 950 penetrali
561 853 700 949 gradus
718 861 831 947 atque
854 874 1023 923 recessus
1041 849 1081 921 in
1098 874 1142 922 eo
1161 858 1231 938 est,

191 986 236 1051 ut
253 979 374 1050 denub
392 979 491 1052 clara
508 977 619 1050 simul
636 985 674 1049 et
693 977 869 1048 distincta
885 976 1067 1048 habeatur
1084 976 1178 1062 idea,
1194 984 1232 1049 et

192 1101 238 1175 de
269 1103 406 1175 diversi
436 1101 583 1199 generis
615 1101 760 1174 actibus
790 1100 852 1195 qui
874 1099 952 1195 jam
981 1100 1050 1172 sub
1068 1099 1232 1196 generali

191 1227 289 1300 Belli
306 1228 452 1300 nomine
469 1227 721 1311 includuntur,
741 1234 779 1297 et
807 1226 852 1297 de
880 1225 924 1296 iis
952 1226 1097 1321 quibus,
1117 1250 1232 1322 quum

191 1352 293 1424 nullo
307 1360 417 1448 paeto
431 1352 628 1425 conveniat
639 1350 735 1422 ratio
750 1349 857 1436 Belli,
874 1350 970 1421 Belli
982 1375 1118 1422 nomen
1131 1350 1230 1422 haud

193 1474 311 1548 seciirs
329 1473 350 1545 a
367 1475 494 1546 multis
512 1475 622 1546 hodie
640 1473 859 1571 applicatur.

241 1598 389 1672 Bellum
416 1599 597 1672 trifariam
627 1598 827 1671 dividitur:
857 1597 960 1670 Bella
986 1596 1124 1671 etenim
1149 1605 1231 1669 tum

190 1724 400 1797 necessaria
434 1749 527 1812 esse,
570 1732 653 1796 tum
689 1723 805 1819 justa,
848 1731 931 1795 tum
973 1723 1085 1810 licita,
1120 1747 1231 1820 posse

190 1845 375 1920 videntur.

242 1971 434 2069 Siquidem
451 1974 684 2046 necessitatis
701 1973 797 2046 ratio
825 1997 1094 2067 nonnunquam
1111 1973 1228 2059 abest,

192 2095 338 2169 etiamsi
364 2098 510 2170 Bellum
537 2122 606 2194 pro
629 2098 732 2192 justo
761 2097 889 2170 haberi
918 2105 1053 2192 queat:
1084 2097 1230 2193 quando

191 2220 363 2294 videlicet
388 2222 435 2293 ad
463 2222 760 2294 Declarationem
787 2231 845 2294 est
871 2223 1082 2307 deventum,
1110 2223 1230 2319 prius·

192 2367 303 2438 quam
338 2345 461 2416 omnia
494 2345 568 2416 ista
600 2346 828 2441 praeambula
860 2346 982 2418 locum
1022 2347 1228 2433 habuerint,

193 2490 275 2562 quae
304 2472 431 2562 partes
462 2468 636 2539 adversas
667 2468 715 2540 ad
738 2469 801 2564 jus
826 2470 1055 2542 reddendum
1082 2470 1231 2566 adigere

192 2589 351 2686 possint,
386 2591 627 2686 reliquando
661 2591 700 2662 in
735 2592 836 2665 hisce
870 2593 961 2690 ipsis
995 2595 1230 2691 praeambuiis

193 2714 359 2810 agendis,
379 2739 422 2786 ea
449 2739 509 2786 ars
538 2715 578 2786 in
604 2715 731 2788 litibus
762 2718 1028 2813 componendis
1059 2718 1228 2804 defuerit,

193 2836 272 2909 sine
290 2837 362 2934 quai
385 2839 433 2910 ad
459 2838 601 2912 felicem
628 2839 767 2911 exitum
793 2865 984 2937 nunquam
1001 2842 1228 2937 pervenitur.

190 2960 251 3033 Ad
285 2961 357 3035 hoc
391 2971 536 3059 spectat
570 2965 670 3059 quod
708 2965 855 3036 Beilum
888 2965 1110 3037 Russiacum
1143 2966 1232 3038 anni

193 3086 291 3158 1854
331 3113 353 3159 a
398 3089 560 3184 quodam
595 3114 641 3161 ex
675 3088 841 3162 Politicis
878 3090 1049 3185 Angliae*
1090 3090 1232 3164 dictum

192 3208 314 3298 fuerit,
336 3212 519 3284 “Bellum
545 3211 720 3309 perquam
732 3215 877 3309 justum
904 3221 942 3285 et
968 3214 1063 3286 idem
1081 3214 1231 3286 minime

190 3336 477 3407 necessarium.''
531 3338 588 3410 De
605 3338 672 3409 tali
689 3339 787 3409 enim
808 3339 988 3433 agebatur
1005 3339 1112 3424 belle,
1132 3340 1231 3434 quod

190 3456 286 3528 forte
297 3460 443 3553 justum
460 3459 592 3533 fuisset
617 3463 728 3534 modo
754 3486 798 3533 ea
815 3462 973 3534 fuissent
989 3464 1112 3535 media
1129 3463 1230 3535 adhi-

191 3580 281 3666 bita,
301 3605 383 3676 quae
402 3606 549 3655 omnem
567 3586 654 3656 belli
678 3586 939 3658 necessitatem
968 3588 1098 3660 tollere
1117 3588 1229 3659 debu-

191 3703 334 3790 issent3
361 3705 587 3778 innuebatur
615 3710 764 3794 etenim,
782 3711 927 3805 justum
949 3712 1098 3806 quidem
1115 3712 1230 3785 fuisse

190 3826 340 3914 bellum,
359 3828 577 3925 injuriarum
603 3832 725 3927 gratia
742 3835 949 3928 apartibus
969 3835 1135 3908 adversis
1152 3837 1231 3909 ilia·

223 3987 251 4040 ,θ
272 3986 406 4047 Disraeli
450 3989 511 4046 Vir
524 3991 661 4066 politicus
674 3993 707 4049 in
720 3992 841 4069 Anglit,
856 3994 909 4071 qui
921 4001 1022 4072 postea
1034 3995 1115 4053 inter
1128 3994 1233 4054 Minis«

191 4082 253 4137 tros
265 4079 388 4156 Reginae
402 4101 572 4160 supremum
585 4085 682 4144 locum
696 4086 834 4144 obtinuit.

67 4428 360 4517 Αι,
