2976 4784
712 309 758 384 57

218 512 303 609 lego
330 511 485 585 Foedere
519 511 635 584 verba
668 509 821 598 faciens,
853 510 911 583 cui
938 508 1070 584 Sinoni
1096 511 1262 584 Furnius

218 660 356 709 nomen
389 635 564 721 inditum,
592 635 686 708 bene
720 634 861 708 factum
895 635 1069 732 appellat,
1102 643 1140 708 et
1167 635 1261 707 mul-

218 767 343 833 torum
377 760 520 834 fontem
553 760 765 847 bonorum;
802 759 902 856 quod
932 784 1017 832 oum
1045 784 1123 833 non
1151 758 1264 831 fuerit

219 884 428 958 executioni
453 885 594 971 datum,
621 908 698 956 non
724 883 871 957 aliunde
896 892 1122 981 praesentem
1137 908 1262 956 rerum

219 1008 470 1082 conditionem
487 1017 654 1083 exortam
672 1015 810 1081 censet.

271 1131 520 1230 Quapropter,
549 1132 696 1206 etiamsi
723 1131 897 1230 Gregorii
921 1131 1065 1230 Magni,
1093 1131 1264 1230 Gregorii

219 1238 323 1345 VH,
338 1257 548 1332 Innocentii
561 1257 635 1330 ΙΙΙ.
651 1257 815 1345 nomina,
830 1265 963 1356 sponte
977 1257 1043 1330 sual
1055 1257 1212 1330 veniunt
1224 1256 1263 1329 in

219 1391 394 1471 mentem,
414 1384 564 1456 cuilibet
599 1383 722 1456 adhue
749 1407 854 1480 spem
884 1383 1047 1480 aliquam
1072 1381 1263 1469 retinenti,

223 1505 490 1604 (cujuscunque
516 1507 669 1580 tandem
699 1507 903 1605 Religionis
929 1515 1055 1605 partes
1075 1515 1263 1604 sequatur,

219 1630 346 1717 imme,
360 1631 463 1702 nullo
481 1631 612 1703 habito
624 1631 837 1704 discrimine
854 1631 981 1703 utrum
997 1631 1064 1703 ulli
1081 1631 1266 1728 Religioni

220 1776 357 1824 nomen
384 1753 540 1838 dederit,
559 1753 719 1849 necne);
750 1754 861 1826 hodie
889 1762 1015 1827 tamen
1044 1755 1154 1850 longe
1182 1779 1266 1850 gra-

220 1876 326 1949 viora
359 1876 604 1950 Pontificibus
647 1876 869 1948 incumbunt
911 1902 1036 1963 onera,
1073 1902 1184 1974 quam
1222 1863 1268 1948 ut

222 2000 461 2073 matrimonia·
476 2000 606 2073 illicita
629 2000 863 2096 prohibeant,
882 2001 941 2073 vel
966 2001 1089 2097 Reges
1116 1999 1267 2074 sicarios

222 2125 555 2212 excommunicent,
581 2125 709 2221 iniqua
733 2123 964 2222 restringant
981 2124 1189 2222 vectigalia,
1208 2126 1268 2200 vel

220 2256 264 2320 ut
280 2249 376 2322 bella
393 2249 506 2323 etiam
524 2249 661 2346 injusto
678 2250 869 2322 damnent.

271 2373 381 2447 Nunc
393 2375 490 2447 enim
505 2375 648 2447 dierum
658 2400 734 2448 uon
749 2374 795 2447 de
810 2373 932 2448 activo
945 2373 1089 2446 influxu
1101 2374 1141 2447 in
1155 2374 1266 2448 rebus

219 2498 376 2595 publicis
412 2501 663 2588 contenditur,
699 2500 767 2574 sed
796 2499 1028 2574 desideratur
1059 2500 1262 2588 Judioium,

219 2623 343 2721 idque,
355 2626 574 2720 praesertim,
588 2627 634 2697 de
648 2625 873 2699 criminibus.
910 2625 1130 2699 Auctoritas
1141 2634 1267 2698 autem

221 2746 275 2819 sic
310 2749 515 2820 exercenda
549 2772 627 2820 non
657 2755 768 2821 antea
802 2748 985 2822 sentietur
1013 2773 1126 2844 quam
1156 2747 1267 2820 fuerit

221 2870 395 2943 exercita.
435 2871 567 2966 Neque
585 2871 749 2945 exerceri
765 2873 905 2968 poterit
921 2871 998 2950 nisi
1010 2872 1083 2944 illis
1101 2872 1264 2959 dotibus,

221 2990 283 3062 ille
298 3016 424 3064 rerum
442 2994 653 3088 cognitione
666 2994 846 3090 praeditus
859 2994 917 3066 vir
934 2992 1127 3089 prodierit,
1147 2994 1210 3088 qui
1227 3001 1267 3066 et

221 3095 364 3186 infinite
393 3138 475 3186 sese
506 3116 691 3212 abnegare
717 3115 880 3189 voluerit
903 3123 941 3188 et
968 3116 1162 3203 devovere,
1189 3139 1266 3188 uon

221 3238 293 3312 alio
304 3239 416 3312 modo
435 3264 478 3312 10
488 3239 552 3311 ubi
568 3240 649 3312 haec
663 3239 787 3312 omnia
798 3239 838 3311 in
857 3237 1043 3312 Gereonio
1055 3239 1264 3335 conjuncta,

221 3363 433 3436 mirandum
462 3363 554 3434 illud
587 3371 751 3460 systema
780 3387 1024 3462 progenuere,
1056 3364 1156 3460 quod
1195 3364 1265 3436 sub

221 3488 396 3563 Ecclesiae
427 3488 605 3561 Romanae
630 3487 781 3561 nomine
815 3487 1079 3583 designamus3
1112 3512 1266 3584 quaeque

222 3615 347 3688 omnia
385 3613 425 3686 in
468 3613 648 3686 Pontifioe
693 3637 803 3709 quem
844 3613 1002 3686 lblioiter
1045 3621 1266 3708 regnantem

219 3740 298 3812 laeti
322 3739 505 3826 videmus,
541 3738 750 3835 conjuncta,
782 3737 892 3811 modo
917 3746 1066 3834 tempus
1091 3736 1164 3834 ipsi
1188 3761 1265 3810 uon

221 3864 319 3936 desit
360 3889 430 3937 nec
467 3863 630 3935 humana
671 3861 818 3949 auxilia,
862 3862 1017 3935 eandem
1059 3860 1264 3935 Ecclesiam

220 3993 429 4059 restaurare
461 3986 657 4074 valuerint,
691 3987 811 4084 ipsam
847 3984 1001 4060 Civilem
1039 3983 1264 4059 Societatem

221 4108 429 4184 instaurare
463 4118 502 4184 et
545 4136 714 4200 servar03
758 4112 860 4185 illam
906 4109 989 4184 dico
1037 4107 1263 4186 Societatem

723 4259 750 4308 u
