2976 4784
731 319 778 388 82

225 516 374 613 Angliae
426 512 575 588 tantum
630 511 932 586 Moderatoribus
992 511 1139 585 solicita
1189 514 1271 586 esse

227 641 390 714 deberet.
446 639 553 711 Tunc
570 639 694 710 nullus
712 635 955 723 contentioni,
973 637 1098 709 nullus
1117 636 1270 709 difficul-

225 763 297 836 tati
314 765 419 837 locus
446 770 570 836 esset:
598 787 719 858 neque
750 761 849 834 enim
873 760 1015 834 valeret
1039 761 1270 834 anernium

224 888 424 984 Anglicum
464 887 562 960 bella
613 912 742 984 gerere
792 885 934 972 illicita,
979 886 1269 960 reclamantibus
1363 910 1366 914 ·

177 1040 181 1046 ·
225 1011 402 1085 Ecclesiae
430 1011 636 1109 Episcopis,
668 1009 890 1084 Proceribus
917 1011 1205 1084 reclamantibus
1232 1019 1270 1084 et

225 1135 449 1233 Deputatis3
476 1160 622 1209 necnon
652 1134 828 1208 universd
845 1134 1142 1232 Anglicanorum
1160 1135 1268 1208 Oom·

225 1261 408 1334 munitate
425 1269 605 1347 testante,
628 1285 705 1333 non
732 1260 890 1356 amplius
918 1259 998 1355 geri
1024 1260 1156 1332 debere
1173 1260 1270 1332 bella

224 1384 354 1458 illicita
388 1393 502 1482 atque
536 1385 688 1481 injusta.
741 1384 845 1456 Nihil
878 1385 917 1455 in
951 1382 1020 1455 hec
1054 1409 1094 1456 re
1127 1384 1270 1456 valeret

227 1507 359 1597 Gallia,
372 1510 465 1581 nihil
481 1509 649 1596 Austria,
664 1533 733 1582 nec
747 1508 939 1594 Borussia,
952 1532 1021 1581 nec
1032 1507 1158 1593 Italia;
1177 1508 1270 1603 nihil

225 1658 355 1731 omnes
382 1641 568 1732 quotquot
598 1642 687 1707 sunt
715 1633 834 1707 exteri
855 1633 969 1706 etiam
997 1633 1037 1704 in
1061 1658 1178 1704 unum
1196 1633 1268 1706 col-

223 1757 332 1830 lecti:
360 1783 408 1830 ne
433 1783 501 1855 per
526 1759 717 1830 tantillum
748 1758 898 1854 quidem
915 1758 1106 1853 temporis,
1125 1781 1193 1829 nec
1210 1757 1270 1830 vel

224 1880 378 1954 minimo
402 1890 606 1967 momente,
625 1882 847 1978 perturbare
864 1881 1032 1953 valerent
1048 1880 1108 1953 vel
1125 1880 1270 1953 afficere

223 2005 332 2078 istius
352 2006 530 2079 Ecclesiae
553 2005 759 2102 judicium;
786 2030 908 2101 neque
933 2004 1020 2079 vero
1047 2030 1270 2101 quemquam

223 2131 367 2214 exinde,
385 2130 459 2203 nisi
475 2129 645 2203 fortassis
663 2130 853 2216 indirecte,
874 2130 1056 2204 sentirent
1073 2129 1257 2203 effectum.

274 2252 485 2349 Anglicana
528 2253 664 2350 quippe
717 2252 899 2341 Ecclesia,
942 2253 1044 2326 haud
1087 2251 1191 2326 secus
1226 2279 1270 2328 ac

224 2376 370 2449 Eeciale
386 2377 641 2461 Romanorum
660 2375 879 2472 Collegium,
898 2379 947 2450 ad
972 2403 1086 2450 unam
1102 2385 1268 2449 tantum-

223 2501 333 2573 modb
349 2507 495 2596 partem
512 2500 712 2596 respiceret
726 2527 736 2587 ;
765 2501 813 2574 ad
834 2527 922 2575 suos
947 2528 1080 2599 nempe
1097 2502 1268 2575 Modera-

221 2631 336 2697 tores.
417 2623 467 2710 si,
514 2624 673 2720 exempli
723 2604 946 2722 gratitudo
989 2627 1094 2700 Bello
1138 2635 1270 2700 contra

222 2747 418 2821 Austriom
443 2749 613 2824 ineundo
649 2758 835 2846 ageretur,
872 2754 919 2825 de
952 2753 1087 2849 Anglis
1121 2754 1269 2825 tantum

217 2873 387 2970 judicare
411 2874 563 2948 deberet
574 2901 584 2961 ;
614 2875 747 2971 quibus
781 2876 813 2948 si
834 2878 898 2973 jus
929 2877 1081 2964 faveret,
1101 2878 1269 2950 Ecclesia

225 3005 324 3071 esset
340 2999 468 3078 libera.
496 3045 498 3050 -
521 2999 579 3071 De
610 2999 777 3072 Ecclesia
797 3001 964 3075 Romana
989 3001 1061 3076 hoc
1079 3002 1150 3075 dici
1165 3004 1267 3076 nullo

224 3123 336 3195 modo
352 3123 504 3220 poterit.
559 3121 689 3208 Scelus
718 3150 764 3198 ex
795 3125 984 3210 utralibet
1000 3135 1107 3224 parte
1127 3128 1268 3224 pariter

140 3336 144 3343 ἱ
224 3238 311 3321 huic
328 3246 506 3320 Ecclesiae
523 3247 800 3344 imputaretur:
828 3251 1073 3348 nequeenim
1100 3251 1132 3323 si
1161 3249 1271 3324 alteri

205 3370 323 3468 parti
347 3370 410 3466 jus
444 3368 556 3455 favet,
593 3371 701 3445 alteri
735 3376 968 3468 adversatur,
997 3376 1113 3448 libera
1142 3376 1269 3447 evadit

223 3492 405 3567 Ecclesia,
457 3492 512 3565 Ut
537 3495 816 3590 reprehensioni
835 3525 874 3573 se
892 3499 1088 3572 subtrahat
1105 3521 1151 3569 ex
1166 3495 1267 3567 utria-

223 3643 294 3715 que
312 3625 420 3714 parte
438 3623 538 3692 stare
562 3621 673 3695 debet
684 3623 835 3720 justitia
852 3649 862 3710 ;
892 3624 991 3719 quod
1009 3622 1096 3694 sane
1113 3620 1267 3716 prorsus

222 3742 436 3838 impossible
454 3752 531 3816 est.⁸
577 3746 761 3835 Quocirca
785 3748 948 3844 effugere
964 3745 1095 3841 nequit
1111 3744 1184 3817 nisi
1201 3770 1268 3842 per

216 3865 398 3962 judicium
429 3866 632 3943 ferendum.
685 3869 986 3966 Primdquidem
1012 3869 1189 3941 Ecclesiae
1212 3869 1267 3940 in-

223 3991 366 4063 cumbit
384 3992 429 4065 de
446 3991 528 4089 ipso
547 3995 653 4069 Bello
666 3994 848 4093 judicium
864 3993 982 4065 ferre:
1011 4018 1084 4091 quo
1101 4002 1267 4091 peracte,

221 4139 310 4213 pars
337 4123 538 4190 contumax
564 4115 945 4193 excommunicatione
976 4125 1034 4191 est
1056 4120 1266 4215 plectenda.
