2976 4784
710 320 759 391 86

219 521 424 594 monendos
450 519 636 606 duximus,
655 544 736 592 rem
753 521 800 592 de
822 518 894 616 qut
911 519 1036 617 agitur
1054 520 1102 592 ad
1119 508 1263 594 nullum

221 647 359 743 dogma
374 645 589 741 religiosum
615 644 794 731 revocari,
815 645 881 717 sed
900 645 947 717 ad
968 645 1263 742 propositionem

221 795 333 867 quam
350 769 534 841 trutinare
561 769 713 842 cuilibet
736 768 862 842 licebit
874 796 884 856 ;
916 769 1119 842 trutinanti
1136 756 1263 842 ta'men

220 888 357 966 veritas
374 893 528 990 patebit.
581 892 712 990 Neque
739 893 838 965 enim
856 893 987 990 negari
1004 901 1131 990 potest
1147 894 1260 981 illam,

222 1042 334 1114 quam
358 1016 545 1113 publicam
570 1024 790 1113 nuncupant
809 1016 1032 1113 opinionem,
1051 1015 1091 1088 in
1112 1042 1156 1089 eo
1175 1042 1262 1090 oon-

221 1142 354 1214 sistere
370 1148 414 1212 ut
430 1140 533 1213 lusti
546 1147 585 1212 et
597 1139 716 1236 AEqui
727 1141 809 1214 loeo
824 1140 924 1213 aliud
938 1140 1027 1236 quid
1046 1140 1261 1228 sufficiatur,

220 1267 453 1364 populosque
471 1265 633 1361 Europae
657 1266 832 1362 quicquid
857 1265 998 1339 factum
1024 1273 1094 1353 111,
1114 1291 1158 1339 10
1179 1266 1262 1364 ipso

222 1391 308 1486 quia
324 1389 465 1463 factum
484 1390 545 1477 sit,
565 1389 743 1486 accipere.
794 1388 970 1487 Quisquis
988 1390 1105 1487 igitur
1121 1390 1192 1465 hoo
1209 1391 1264 1463 ita

222 1539 262 1587 se
278 1514 417 1587 habere
444 1514 650 1610 cognoscit,
674 1512 822 1610 justitia
847 1521 974 1587 tamen
1000 1538 1138 1601 carere,
1161 1515 1261 1587 futu·

220 1665 335 1737 raque
350 1641 486 1712 damna
502 1639 678 1727 minitari,
695 1640 806 1712 debet
823 1641 871 1712 ad
888 1640 927 1712 id
941 1640 1105 1713 animum
1116 1647 1263 1713 vertere

219 1774 263 1839 ut
281 1767 419 1863 aliquid
435 1766 590 1839 remedii
606 1766 830 1840 inveniatur.

271 1891 371 1964 Illud
397 1882 578 1988 praeterea
603 1890 726 1963 notari
751 1890 873 1976 debet,
901 1890 946 1963 iis
974 1897 1158 1992 quotquot
1179 1888 1261 1961 infi-

221 2019 322 2092 deles
347 2025 436 2090 sunt
459 2019 518 2091 vel
544 2016 753 2103 acatholici,
772 2016 865 2090 meri
889 2017 1052 2090 hominis
1069 2017 1165 2089 hanc
1182 2041 1264 2091 esse

222 2144 459 2216 sententiam.
512 2142 638 2215 Homo
656 2142 799 2238 utique,
818 2141 940 2214 nostri
958 2141 1099 2228 similis,
1120 2150 1263 2215 ceteros

221 2269 421 2365 alloquitur
455 2267 712 2353 admonend03
752 2292 953 2363 eorumque
993 2266 1169 2339 auxilium
1207 2267 1263 2338 in-

220 2401 342 2478 vocat,
369 2398 413 2463 ut
439 2390 582 2463 nefaria
606 2391 669 2462 illa
695 2399 804 2485 gesta
829 2389 1065 2487 prohibeant,
1090 2416 1157 2487 per
1182 2415 1264 2488 quae

221 2515 366 2588 cunctis
411 2513 594 2588 Gentibus
639 2514 750 2588 Orbis
793 2513 1009 2601 Christiani,
1041 2516 1154 2588 immo
1197 2541 1265 2613 per

222 2639 518 2713 Christianorum
537 2638 746 2734 exemplum
767 2647 806 2711 et
827 2638 1024 2726 actionem,
1042 2626 1173 2728 totius,
1193 2639 1265 2737 qut
1404 2696 1412 2703 -

220 2763 295 2835 late
312 2770 430 2859 patet,
446 2761 571 2849 011111,
587 2761 822 2835 turbationes
839 2763 1020 2835 inducant
1033 2772 1071 2836 et
1087 2764 1262 2861 pericula.

273 2887 368 2961 Sues
399 2888 575 2986 primarib
608 2887 707 2959 Paro
743 2910 830 2960 oves
863 2888 1089 2984 alloquitur3
1130 2889 1264 2985 quibus

220 3022 349 3088 tamen
372 3039 448 3086 non
479 3013 550 3087 alia
579 3020 668 3086 sunt
698 3012 835 3108 agendi
863 3012 1056 3109 principia,
1087 3038 1164 3086 non
1193 3013 1266 3086 alia

223 3162 343 3225 sensa,
377 3161 420 3211 ac
454 3136 681 3210 acatholicis.
734 3135 865 3231 Neque
892 3135 991 3208 enim
1019 3162 1135 3210 exeo
1166 3138 1266 3234 quod

222 3264 456 3360 Religionem
471 3267 677 3359 sequuntur
690 3260 834 3347 ducem,
850 3261 957 3334 aliter
976 3269 1065 3334 sunt
1080 3262 1263 3359 dispositi,

222 3413 265 3462 ao
282 3388 337 3460 illi
354 3388 417 3484 qui
427 3386 659 3482 Religionem
677 3409 824 3458 omnem
842 3387 1072 3484 abjecerunt.
1127 3387 1264 3461 (latho-

158 3598 162 3604 ,
220 3512 283 3584 1101
316 3536 386 3583 nec
425 3517 617 3582 testantur
655 3519 788 3583 contra
826 3512 966 3584 scelera
1000 3510 1159 3607 publica,
1196 3535 1265 3584 nec

223 3645 246 3676 “
263 3634 458 3732 Opinionis
483 3634 647 3707 Publicae
660 3634 682 3667 ''
710 3636 786 3710 vim
811 3642 1008 3733 respuunt,
1033 3659 1101 3708 neo
1127 3643 1150 3675 “
1164 3636 1266 3709 facta

223 3768 481 3835 consummata
492 3758 514 3789 '⁹
535 3785 737 3856 agnoscere
752 3761 949 3857 denegant.
986 3759 1112 3832 Rebus
1126 3760 1266 3832 etenim

221 3882 382 3982 politicis
408 3908 430 3955 a
454 3884 646 3981 Religione
673 3885 863 3981 sejunctis,
891 3882 933 3955 eb
962 3882 1191 3971 devenimus,
1220 3893 1266 3958 ut

221 4007 452 4082 credentium
496 4010 606 4082 simul
641 4017 679 4082 et
713 4008 990 4081 incredulorum
1024 4008 1153 4080 eadem
1190 4009 1266 4082 sint

222 4157 344 4222 sensa,
363 4158 486 4208 mores
503 4134 638 4209 iidem:
666 4132 721 4205 ita
746 4139 801 4219 ut,
827 4131 917 4203 dum
942 4130 982 4203 hi
1008 4156 1157 4205 omnem
1174 4119 1265 4228 abji-
