2976 4784
732 275 780 362 '55

223 486 399 586 probasse
428 485 588 575 videtur,
620 509 849 584 quaecunque
876 487 1147 584 reprehendere
1173 486 1264 561 omi-

224 614 315 687 serit
330 615 390 688 vel
409 615 596 687 damnare.

272 740 452 812 Attamen
481 746 526 810 ut
553 738 599 809 de
627 734 827 810 sceleribus
852 735 1012 834 politicis
1039 737 1264 810 sententiam

222 862 318 936 ferat
342 863 560 936 Auctoritas
591 860 791 958 Religiosa,
809 886 886 934 non
915 843 973 934 est
998 885 1065 934 cur
1090 861 1264 959 exigatur

222 986 371 1085 publica
381 987 536 1083 hujusce
548 985 651 1058 duris
669 985 884 1081 postulatio.
930 983 1155 1074 Quinimmo,
1175 987 1261 1059 sim-

222 1111 309 1209 plici
327 1110 484 1208 quddam
501 1110 646 1183 ratione
663 1109 821 1208 proponi
837 1134 898 1183 res
915 1116 1053 1204 potest,
1072 1119 1116 1182 ut
1125 1112 1263 1186 veritas

221 1261 287 1332 per
305 1261 345 1310 se
363 1243 500 1334 pateat.
552 1235 651 1308 Fieri
677 1235 825 1331 quidem
851 1242 976 1331 potest
1001 1242 1045 1306 ut
1064 1236 1166 1310 nullo
1178 1237 1264 1333 jure

221 1362 268 1434 ab
286 1360 454 1435 Ecclesia
470 1357 677 1456 Anglioand
688 1359 747 1432 vel
765 1342 966 1432 Borussicd
983 1358 1155 1456 exigatur
1172 1363 1263 1457 pub·

219 1485 292 1559 lica
310 1487 495 1559 sententia
513 1487 559 1558 de
584 1486 681 1558 bello
707 1486 753 1558 ab
781 1484 839 1557 his
858 1483 1056 1558 Guberniis
1075 1495 1261 1583 suscepte,

221 1607 348 1681 utriim
388 1610 438 1682 sit
478 1609 643 1682 licitum:
689 1609 803 1681 nihilb
845 1609 968 1681 minus
1010 1635 1088 1682 non
1129 1611 1263 1685 idcirco

223 1732 401 1805 Romanae
435 1731 611 1805 Ecclesiae
652 1756 747 1803 onus
781 1731 892 1827 hujus
927 1732 1037 1805 officii
1078 1734 1264 1830 deponere

221 1855 347 1930 licebit
362 1880 372 1942 ;
410 1854 546 1952 quippe
564 1878 646 1951 quae
662 1849 735 1951 pro
761 1854 952 1928 Oatholiod
969 1880 1035 1929 seu
1052 1857 1265 1931 Universali

223 2004 263 2054 se
288 1986 423 2076 gestet,
443 1987 554 2075 atque
582 1977 674 2052 adei)
701 1978 872 2051 fidelibus
901 2004 946 2050 ex
974 1978 1132 2076 utraque
1156 1990 1264 2078 parte

221 2102 467 2175 militantibus
492 2102 679 2199 imperet;
718 2110 756 2174 et
784 2125 898 2198 quum
926 2101 1075 2198 justitia
1103 2112 1265 2200 nequeat

220 2227 368 2322 utrique
381 2227 511 2300 adesse
528 2225 639 2321 parti,
653 2226 782 2322 nequit
800 2225 966 2298 Ecclesia
979 2225 1160 2315 Romana,
1175 2229 1264 2301 dum

221 2351 340 2437 sileat,
360 2349 489 2422 sceleri
505 2374 582 2421 non
599 2348 838 2444 patrocinari.

270 2473 385 2547 Hisce
410 2473 484 2546 fere
501 2473 625 2546 verbis
644 2497 725 2546 rem
751 2481 866 2571 prout
892 2482 962 2562 est,
982 2476 1165 2574 exposuit,
1185 2479 1263 2551 An-

139 2657 143 2664 .
219 2599 327 2672 tistes
343 2598 404 2670 ille
423 2597 608 2695 egregiuS‚
628 2598 838 2696 Episcopus
857 2597 1144 2697 Moguntiensis.
1221 2691 1222 2694 Ἴ

271 2731 293 2763 “
307 2723 354 2795 In
373 2722 516 2796 saeculis
527 2722 630 2796 hisce
643 2724 881 2820 nuperrimis,
900 2732 1145 2822 posteaquam
1158 2753 1263 2801 man-

220 2846 318 2918 datis
344 2845 415 2917 Dei
439 2844 511 2917 fuit
526 2846 764 2932 valedictum,
782 2846 941 2919 formula
965 2851 1146 2944 quaedam,
1164 2851 1264 2925 iners

221 2968 382 3052 omninb,
401 2968 586 3040 incorum
610 2969 735 3040 locum
760 2968 832 3041 fuit
854 2969 1069 3067 subrogata,
1089 2997 1170 3068 quae
1187 2999 1264 3047 non

221 3091 369 3164 aliunde
400 3090 561 3162 deducta
593 3090 742 3164 videtur
776 3117 889 3189 quam
919 3117 965 3164 ex
995 3094 1135 3167 staterd
1169 3121 1263 3169 mer·

221 3212 362 3289 catorid
365 3268 641 3286 ........
670 3214 784 3286 Haud
825 3240 996 3311 parvum,
1023 3217 1262 3308 mihicrede,

219 3339 427 3439 periculum
466 3337 631 3434 injicitur
674 3337 767 3411 Orbi
810 3364 856 3411 ex
899 3340 1134 3437 separatione
1179 3343 1263 3433 istd,

220 3463 292 3563 qud
342 3462 437 3535 dura
501 3458 679 3534 Gentium
738 3486 760 3533 a
820 3462 920 3558 Lege
980 3461 1051 3536 Dei
1108 3467 1263 3541 seorsim

221 3595 443 3674 sumuntur3
472 3611 517 3659 ex
542 3585 636 3659 falso
662 3583 737 3658 isto
765 3585 960 3683 principio,
986 3595 1029 3660 ut
1048 3587 1088 3659 in
1106 3588 1263 3666 Politica

221 3710 383 3788 Scientid
399 3712 445 3784 de
462 3710 536 3783 fine
562 3711 802 3807 capessend0,
824 3711 943 3808 deque
965 3712 1173 3787 rationibus
1197 3717 1262 3789 ad·

219 3836 403 3923 bibendis,
432 3833 504 3908 alit
541 3857 695 3933 prorsus
718 3832 850 3907 normd
873 3835 1036 3931 judicari
1059 3837 1194 3912 debeat
1219 3865 1263 3915 ac

219 3961 266 4033 de
277 3958 434 4057 justitiae
445 3959 1127 4056 morumquevulgatisquaestionibus.
1168 3963 1263 4038 lnde

217 4083 354 4156 bellum
389 4090 611 4180 perpetuum
645 4085 705 4157 vel
740 4083 927 4181 simplices
957 4083 1129 4173 induciae,
1166 4087 1262 4162 Belli

219 4204 450 4280 Universalis
469 4206 631 4280 exordia.
