2976 4784
714 308 760 381 35

220 510 353 608 ubique
376 517 534 583 tentata.
588 506 737 604 Ubique
754 515 942 580 terrarum
968 499 1266 579 cuniculos'suos·

219 643 379 734 egerunt
406 631 664 708 Revolutionis
692 632 858 706 fautores
880 655 904 704 a
933 629 1068 705 Russid
1092 629 1262 727 profecti,

219 761 309 833 dum
328 759 438 834 simul
457 758 596 856 Anglia
624 781 766 846 omneS,
786 757 925 855 aperte,
953 757 1001 830 ad
1026 754 1265 830 rebellionem

219 885 451 959 hortabatur.
504 882 615 957 Unde
641 883 784 956 factum
802 890 861 956 est
886 890 930 955 ut
947 881 1006 955 die
1023 907 1100 955 uno
1118 881 1264 954 eodem-

220 1034 292 1106 que
304 1010 383 1106 jam
400 1017 511 1081 antea
528 1007 736 1105 designato,
751 1032 819 1106 per
834 1007 1049 1081 universam
1062 1008 1264 1103 Europam,

221 1134 269 1206 ab
294 1132 432 1206 Hafnie
456 1133 599 1220 Daniee,
619 1139 657 1206 et
677 1132 924 1220 Bucharesto,
944 1134 992 1205 ad
1016 1132 1123 1205 Mare
1148 1130 1266 1203 Medi-

219 1267 445 1347 terraneum,
473 1268 513 1332 et
543 1257 735 1333 Oceanum
760 1283 879 1355 usque
903 1257 1150 1344 Atlanticum,
1173 1281 1265 1352 gens

220 1384 341 1458 omnis
403 1393 502 1459 esset
563 1384 728 1471 turbata,
783 1383 904 1456 omnis
963 1381 1265 1480 queprincipatus

220 1534 385 1584 eversus.

271 1633 365 1705 Post
382 1633 531 1728 aliquod
547 1633 729 1730 temporis
756 1633 1007 1721 intervallum,
1026 1631 1125 1706 facta
1140 1658 1266 1705 rerum

221 1754 549 1851 redintegratione,
593 1755 791 1829 discrimen
832 1765 961 1830 tamen
1000 1756 1187 1853 quoddam
1220 1780 1266 1828 ex

223 1878 325 1952 omni
341 1886 450 1976 parte
468 1879 723 1952 sentiebatur:
754 1877 944 1954 Gubernia
960 1879 1080 1976 magis
1100 1879 1265 1977 obsequi,

222 2004 328 2101 plebs
347 2004 640 2077 obmurmurare.
693 2006 828 2078 Auctae
846 2013 935 2078 srmt
946 2004 1124 2077 militares
1136 1997 1265 2101 copiae,

222 2129 437 2203 civitatibus
451 2154 523 2203 aere
535 2129 654 2203 alieno
673 2131 793 2228 magis
807 2130 1007 2229 oppressis,
1022 2129 1266 2227 vectigalibus

224 2254 334 2328 simul
368 2254 615 2350 exaggeratis.
686 2255 892 2354 Hucusque
923 2257 1085 2354 Europae
1120 2262 1265 2353 septen·

221 2379 373 2452 trionali
397 2375 644 2475 parcebatur3
673 2381 785 2455 unica
810 2405 904 2477 gens
931 2381 972 2453 in
998 2379 1150 2478 Europa
1174 2403 1266 2478 pace

220 2504 406 2600 gaudebat
422 2529 432 2590 ;
450 2501 685 2579 'factionibus
704 2507 867 2594 carebat,
887 2507 1073 2604 majorum
1090 2506 1267 2579 instituta

222 2629 334 2702 simul
363 2635 402 2702 et
429 2629 640 2729 Principem
666 2636 826 2705 amabat.
880 2632 1020 2706 Debuit
1040 2623 1203 2705 ‘tandem
1227 2630 1267 2702 in

221 2756 379 2827 eandem
398 2753 625 2853 Charybdim
639 2756 825 2844 incidere,
847 2759 895 2831 ob
921 2758 1041 2856 ipsam
1069 2757 1209 2831 ordinis
1229 2763 1267 2829 et

219 2877 314 2972 juris
334 2878 610 2952 observantiam
636 2905 705 2977 pro
722 2880 875 2954 victime
891 2889 1069 2968 mactata,
1087 2882 1267 2978 pejusque

223 2999 517 3072 instrumentum
543 3002 668 3076 adres
684 3005 904 3090 turbandae,
925 3030 1037 3100 quam
1055 3005 1268 3101 fragmenta

224 3122 299 3196 ista
324 3121 520 3196 civitatum
544 3126 632 3198 olim
657 3151 724 3223 per
749 3134 869 3199 totam
896 3128 1086 3225 Europam
1111 3128 1266 3200 foedera·

225 3254 362 3335 tarum,
383 3246 573 3344 sigillatim
591 3252 640 3323 ad
658 3251 805 3325 sceleris
830 3251 1078 3325 ministerium
1105 3254 1267 3325 obcaeca-

223 3380 359 3446 tarum.
429 3373 487 3447 De
517 3399 560 3447 eo
587 3376 726 3473 populo
755 3370 825 3449 est
849 3401 971 3450 sermo
1007 3376 1071 3473 qui
1096 3375 1267 3449 Ducatus

224 3497 438 3572 incolebant
457 3499 568 3596 juxta
594 3501 784 3598 Eyderum
808 3501 959 3575 flumen.
1022 3499 1196 3576 Consiliis
1223 3527 1269 3575 ex

225 3623 378 3696 Lutetia
412 3625 611 3722 perfidiose
645 3619 783 3713 missis,
820 3626 916 3723 Regi
950 3625 1082 3700 Daniae
1118 3652 1269 3724 persua·

226 3771 309 3821 sum
347 3756 411 3822 ‘est
461 3756 504 3822 ut
554 3750 690 3824 horum
733 3744 950 3825 Ducatuum
974 3742 1083 3847 vjura
1126 3750 1270 3825 auferre

226 3882 436 3961 conaretur,
495 3876 564 3948 sub
611 3884 798 3973 praetextu
852 3901 915 3951 eos
965 3877 1182 3950 includendi
1231 3877 1271 3949 in

228 3993 401 4071 Generali
435 3998 594 4096 quddam
623 4000 946 4100 Repraesentativd
976 4001 1269 4088 Constitutione3

228 4144 296 4216 per
313 4145 425 4217 quam
443 4124 524 4197 fieri
541 4133 671 4222 posset
688 4133 732 4198 ut
752 4125 947 4200 “Unitum
964 4125 1139 4222 Regnum
1157 4124 1272 4198 Dani·
