2976 4784
676 1476 708 1549 Ι.
762 1475 816 1550 Π.

224 1674 286 1748 Ab
325 1671 561 1748 observantid
602 1673 715 1770 Legis
753 1675 802 1747 ad
844 1674 1058 1769 neglectum
1092 1672 1271 1770 ejusdem,

326 1798 511 1895 quomodo
528 1796 649 1869 factus
667 1805 726 1870 est
743 1797 955 1871 transitus?

274 1969 367 2061 Quae
382 1971 491 2043 nobis
508 1968 628 2067 primo
656 1975 694 2041 et
720 1969 838 2041 altero
863 1968 946 2041 loco
962 1968 1165 2041 tractanda
1181 1988 1269 2066 pro·

222 2102 428 2192 ponuntur,
448 2120 492 2168 ea
507 2093 548 2165 in
564 2116 681 2165 unum
708 2093 783 2165 fere
800 2090 984 2166 recidunt.
1036 2090 1166 2164 Minna
1182 2092 1271 2166 vert

223 2219 368 2293 diceret
418 2217 562 2313 aliquis,
607 2215 678 2289 Jus
725 2213 1021 2290 Internctionale
1061 2215 1270 2313 antiquitis

221 2341 360 2437 ubique
387 2339 503 2412 fuisse
531 2340 782 2426 observatum,
802 2341 869 2413 sod
894 2339 1007 2412 hodie
1033 2340 1081 2412 ab
1099 2339 1271 2413 omnibus

222 2463 411 2560 neglectui
429 2464 570 2536 datum.
605 2464 738 2537 Ambae
756 2464 981 2561 quaestiones
999 2488 1042 2537 eo
1057 2464 1272 2560 diriguntur

222 2595 267 2659 ut
288 2587 412 2682 aliquo
430 2586 542 2658 modo
561 2586 830 2660 determinetur
848 2610 1018 2684 quaenam
1044 2587 1195 2662 demnm
1220 2587 1272 2661 sit

221 2724 267 2786 eo
299 2733 388 2808 pars
422 2707 534 2803 Legis
568 2709 732 2783 Publicae
766 2710 827 2784 cui
861 2711 1009 2784 debitus
1040 2711 1163 2784 honor
1183 2711 1271 2807 jam

221 2835 428 2926 denegetur
443 2855 452 2914 3
480 2853 626 2903 necnon
644 2841 686 2905 ut
704 2834 921 2930 designetur
937 2844 1100 2933 tempus,
1126 2860 1173 2908 ex
1196 2859 1270 2931 quo

220 2956 285 3026 illa
318 2951 472 3023 minoris
506 2951 635 3025 haberi
667 2957 858 3055 inceperit.
910 2959 993 3034 Hdc
1026 2959 1144 3057 igitur
1176 2983 1270 3033 usus

220 3075 379 3158 ratione,
399 3071 578 3168 quidquid
595 3077 640 3149 de
656 3078 728 3153 hoc
744 3083 823 3179 ipse
841 3086 1011 3174 sentiam,
1030 3108 1227 3183 exponam.

221 3205 225 3214 ’
271 3198 299 3273 J
300 3223 344 3270 us
358 3193 547 3280 Gentium,
560 3200 659 3292 quod
677 3211 715 3275 ct
732 3204 1029 3284 Internationcle
1047 3207 1163 3294 cudit,
1175 3207 1270 3281 illud

221 3322 394 3421 estquod
413 3318 537 3393 omnia
554 3321 681 3418 dirigit
692 3350 775 3422 quae
786 3330 886 3406 inter
904 3334 1075 3408 civitates
1090 3339 1267 3429 aguntur,

219 3449 320 3524 haud
340 3446 447 3519 sociis
477 3467 519 3516 ac
536 3443 562 3516 J
563 3469 607 3518 us
635 3445 751 3525 Civile
779 3455 946 3554 singulos
967 3458 1066 3556 regit
1083 3456 1265 3530 homines.

218 3568 423 3648 Distinctio
440 3566 628 3643 hominem
645 3570 744 3647 inter
760 3586 800 3650 ct
826 3580 1030 3668 civitatem,
1048 3580 1089 3652 in
1106 3603 1264 3653 numero

218 3706 370 3772 tantum
401 3700 459 3766 est
486 3697 711 3790 reponenda,
731 3701 821 3796 quin
850 3705 911 3777 vel
939 3705 1135 3777 minimum
1164 3703 1268 3776 inve-

218 3824 348 3897 niatur
374 3818 572 3893 discrimen
597 3820 634 3893 in
662 3848 706 3897 eo
733 3828 833 3922 quod
858 3830 907 3902 ad
928 3830 1016 3925 jura
1042 3835 1200 3926 spectet,
1220 3827 1269 3900 cd

219 3947 352 4033 officia,
371 3952 411 4018 et
439 3944 487 4016 ad
514 3944 773 4041 obligationes.
826 3951 900 4025 Pro
927 3952 1142 4026 civitatibus
1167 3948 1269 4023 houd

221 4069 328 4145 sociis
356 4094 400 4142 ac
426 4093 496 4164 pro
525 4068 685 4166 singulis
711 4072 940 4161 hominibus,
971 4098 1116 4162 omnes,
1135 4073 1270 4168 quibus

732 4217 754 4266 n
