2976 4784
717 294 764 366 88

222 489 366 571 tatione
380 490 531 576 semota,
544 490 666 564 dicere
682 514 894 588 possumus,
911 490 1072 582 “Quum
1089 500 1128 566 te
1142 518 1269 568 errare

220 637 334 709 posse
375 613 581 709 negaveris,
624 621 663 687 te
706 623 852 688 rectum
884 615 1054 712 judicare
1095 626 1270 714 oportere

221 733 390 809 fateris.''

274 860 501 956 Objeoerunt
528 861 698 935 nonnulli
719 863 791 938 hoo
812 887 906 961 opus
931 888 1013 938 esse
1036 871 1267 954 extraneum,

223 984 322 1081 quod
345 983 502 1058 Concilii
529 986 703 1083 operibus
734 986 894 1085 propriis
911 1013 1001 1092 non
1023 989 1117 1062 bene
1145 990 1267 1065 conci·

221 1108 347 1181 liatur.
400 1107 446 1181 In
464 1116 641 1207 promptu
662 1119 720 1185 est
737 1111 953 1210 responsio:
984 1111 1103 1208 Opere
1113 1115 1268 1210 proprie

222 1233 384 1308 Concilio
401 1235 538 1308 desunt.

271 1358 478 1432 Hominum
512 1367 656 1433 mentes
687 1361 775 1433 sane
805 1360 912 1458 vagis
946 1362 1264 1458 tumultuosisque

223 1493 371 1558 scatent
397 1484 698 1581 cogitationibus,
725 1486 771 1558 de
792 1486 903 1558 rebus
924 1485 1132 1558 innumeris
1151 1512 1264 1583 agen-

222 1611 293 1698 dis,
310 1636 391 1707 quae
405 1612 530 1684 omnia
543 1611 756 1707 nescioquo
774 1612 885 1685 modo
904 1613 950 1685 ab
960 1611 1102 1685 indictis
1112 1611 1264 1711 Synodo

222 1736 382 1810 credunt
409 1759 491 1808 esse
520 1735 728 1808 tractanda.
781 1738 835 1807 At
858 1734 938 1809 haec
964 1735 1090 1808 omnia
1112 1737 1265 1833 propius

221 1858 402 1957 inspecta.
419 1867 658 1932 evanescunt.
710 1859 813 1934 Ante
848 1858 974 1933 omnia
1002 1859 1042 1931 id
1070 1867 1282 1956 expectare-

222 1983 400 2057 videntur
416 1982 585 2056 homines
603 1989 648 2054 ut
661 1982 785 2079 aliqua
794 1981 937 2056 feratur
954 1983 1098 2056 sanctio
1113 1984 1265 2081 dogma·

221 2108 298 2182 tica
316 2110 362 2182 de
375 2107 481 2182 Civili
498 2108 705 2180 Pourrrrcrs
722 2108 952 2205 Principatu.
998 2106 1122 2198 Quum
1139 2116 1265 2182 autem

221 2233 400 2331 quaeritur
442 2232 638 2328 quomode,
683 2233 862 2329 quibusve
904 2232 1085 2320 terminis,
1122 2233 1267 2331 concipi

220 2358 342 2456 possit
357 2357 570 2454 hujusmodi
587 2357 765 2443 definitio
784 2358 927 2429 nullum
952 2356 1090 2455 praesto
1107 2358 1266 2430 habetur

220 2505 453 2579 responsum.
505 2481 559 2552 At
583 2480 648 2552 ubi
675 2481 832 2554 dicendo
858 2481 1077 2579 perrexeris,
1111 2481 1265 2555 Civilem

221 2605 322 2677 huno
339 2602 595 2708 Principatum
611 2602 704 2675 nihil
722 2628 804 2677 esse
820 2613 958 2701 praeter
975 2612 1117 2678 statum
1140 2630 1266 2702 quem-

219 2731 309 2803 dam
338 2728 598 2826 possessionis,
629 2727 690 2802 cui
714 2728 806 2801 nihil
830 2729 903 2803 nisi
929 2730 1105 2804 violentia
1133 2737 1266 2816 nocet3

224 2862 357 2929 contra
389 2852 605 2927 violentiam
647 2861 787 2941 autem,
831 2853 871 2925 in
911 2855 1040 2928 decem
1070 2854 1266 2952 praeceptis

223 2977 403 3076 Decalogi
426 2976 645 3075 jamdudum
677 2977 770 3052 satis
806 2978 929 3052 caveri
941 3003 951 3066 ;
986 2978 1041 3051 ita
1073 3003 1152 3051 rem
1181 3002 1267 3075 pro-

222 3102 353 3175 tuleris
379 3110 423 3175 ut
439 3103 626 3176 neminem
652 3101 774 3176 adhuc
793 3110 1068 3199 repugnantem
1084 3103 1266 3192 invenias,

223 3229 313 3301 dum
339 3227 589 3302 confiteantur
606 3251 735 3301 omnes
760 3253 837 3301 non
862 3252 973 3326 posse
1001 3227 1113 3302 condi
1138 3236 1270 3324 aptum

223 3353 329 3427 Fidei
353 3353 566 3426 Articulum
596 3352 660 3449 qui
691 3345 746 3426 rei
779 3354 863 3450 plus
894 3353 1113 3440 conveniat3
1140 3354 1268 3440 imm0‚

224 3478 288 3574 qui
312 3502 390 3550 non
415 3476 467 3550 sit
488 3475 641 3564 inutilis,
668 3502 788 3574 neque
823 3478 931 3551 aliter
956 3486 1129 3576 optatum
1155 3476 1269 3549 finem

223 3600 362 3698 attingi
386 3626 509 3699 posse,
527 3600 601 3675 nisi
628 3627 695 3700 per
722 3601 866 3698 Legum
896 3608 1114 3685 renovatam
1143 3601 1270 3675 obser-

223 3725 399 3800 vantium.

274 3873 366 3964 Quae
388 3876 583 3980 proposita
610 3885 710 3965 sunt,
733 3876 782 3949 ad
806 3874 887 3947 haec
914 3872 989 3946 fere
1016 3872 1139 3970 capita
1158 3873 1268 3947 redu-

224 4006 372 4072 cuntur.

275 4124 310 4197 1.
339 4123 468 4200 Civilis
485 4123 723 4221 Principatus
740 4121 946 4196 Pourrrrors
963 4120 1123 4194 Romu.
