2976 4784
711 296 760 368 46

220 493 466 568 mutationem
492 495 729 588 operataest
754 487 863 564 eain
889 488 1015 564 Rebus
1051 489 1111 589 (ut
1137 491 1258 591 aiunt)

222 617 400 704 Orientis,
420 615 677 701 Interventi03
696 638 903 712 perquam,
923 614 1076 704 scilicet,
1095 617 1262 692 confusio

220 741 473 814 inenarrabilis
485 740 526 811 in
537 741 648 812 rebus
666 738 766 810 inter
779 739 944 812 diversas
959 746 1091 834 gentes
1104 742 1260 836 agendis

222 864 457 961 supervenit:
486 870 524 936 et
548 861 580 935 si
597 886 660 935 eos
678 860 839 958 excipias
857 861 976 958 quiin
993 861 1120 934 etdem
1136 889 1261 937 versa-

206 988 369 1075 bantur,
381 987 505 1059 nullus
523 985 736 1059 mortalium
750 986 925 1080 cognovit
941 985 1055 1058 talem
1073 987 1261 1061 exstitisse

222 1111 488 1197 confiisionem,
507 1116 708 1206 antequam
731 1109 778 1181 de
806 1101 945 1182 Graecis
972 1118 1138 1206 coeptum
1163 1119 1262 1185 esset

221 1235 366 1333 agitari.
419 1234 459 1307 Is
489 1234 733 1330 magistratus
761 1258 784 1305 a
812 1257 884 1328 quo
919 1257 979 1306 res
1009 1241 1145 1308 exterae
1174 1244 1262 1308 sunt

222 1358 537 1444 administranda,
552 1355 672 1429 omnis
685 1355 994 1453 reprehensionis
1011 1357 1130 1431 omnis
1142 1358 1262 1454 inqui·

224 1483 369 1557 sitionis
393 1505 538 1578 expers,
556 1480 637 1577 ipse
662 1503 729 1576 per
755 1503 794 1552 se
811 1479 911 1552 valet
936 1479 1090 1554 incitare
1111 1487 1262 1576 gentem

222 1608 271 1680 ad
294 1607 447 1692 bellum;
475 1604 561 1677 dein
589 1601 839 1688 “moralem’'
859 1610 902 1676 ut
928 1603 1043 1690 aiunt,
1070 1604 1261 1677 “influen-

221 1729 352 1817 tiam,”
366 1729 406 1800 in
420 1729 530 1801 aliam
541 1728 743 1824 quamlibet
757 1751 906 1800 exerere
920 1735 1085 1823 gentem3
1106 1752 1149 1802 ac
1161 1729 1262 1801 deni-

223 1878 294 1950 qne
319 1876 380 1927 res
409 1852 577 1924 internas
609 1875 684 1924 suae
714 1851 837 1947 gentis
866 1852 1030 1938 turbare,
1052 1851 1262 1926 libertatem

222 1977 407 2052 internam
430 1985 607 2081 evertere,
625 1976 750 2073 plures
775 1975 910 2050 milites
937 1977 1181 2065 conscribere,
1201 2004 1262 2050 ex·

222 2126 358 2201 pensas
384 2126 531 2197 augere,
550 2099 747 2197 vectigalia
772 2124 870 2174 nova
886 2100 1087 2197 imponere,
1107 2125 1158 2174 aes
1176 2102 1262 2175 alie·

223 2252 314 2299 num
326 2227 446 2322 majus
464 2225 637 2312 conflare,
649 2232 688 2297 et
706 2224 816 2297 simul
832 2224 912 2297 haec
930 2225 1086 2321 agendc,
1099 2250 1263 2299 amorem

224 2349 355 2447 patriae
383 2356 421 2421 et
449 2346 636 2444 religionis
671 2348 781 2421 avitae
815 2373 861 2420 ex
894 2350 1099 2422 multorum
1129 2351 1263 2423 civium

224 2474 397 2548 cordibus
421 2474 586 2547 evellere.
638 2473 796 2545 Accedit
823 2473 896 2548 huc
925 2475 1037 2570 quod,
1064 2475 1263 2549 seditiones

225 2596 315 2669 dum
329 2596 466 2669 directe
479 2596 580 2670 fovet
592 2596 632 2669 in
645 2597 834 2669 nonnullis
852 2597 1028 2694 gentibus
1046 2599 1183 2673 adhoc
1201 2600 1264 2673 de-

226 2720 395 2817 signatis,
410 2728 518 2816 parat
534 2718 574 2791 in
592 2720 774 2793 omnibus.
823 2720 880 2793 Eo
891 2722 1059 2795 tenditur
1071 2721 1264 2795 infortunii

224 2851 270 2916 ut
282 2843 480 2943 honestum
497 2867 606 2916 omne
622 2843 789 2939 regimen
801 2842 868 2916 fiat
880 2844 1131 2942 impossibile;
1150 2845 1266 2919 utvia

226 2975 393 3041 struatur
409 2966 535 3040 nescio
561 2966 621 3040 cui
646 2968 859 3064 potentatui
874 2969 935 3041 vel
959 2970 1108 3066 populo,
1129 2969 1192 3066 qui
1207 2970 1264 3041 in-

225 3092 415 3165 tellectum
434 3090 543 3164 simul
567 3090 825 3187 incorruptum
847 3099 885 3164 et
905 3091 1089 3188 loquelam
1112 3093 1265 3180 retinet3

226 3216 287 3291 cui
303 3215 414 3314 porro
433 3239 647 3312 supremum
662 3214 703 3287 in
720 3213 871 3313 Europa
887 3216 1038 3290 tandem
1054 3225 1266 3290 reservatur

226 3340 441 3415 dominium.

277 3465 500 3562 Priusquam
530 3464 627 3537 hanc
654 3460 888 3558 perficiamus
924 3460 1130 3547 materiam,
1165 3460 1268 3532 haud

228 3589 294 3661 abs
311 3612 352 3661 re
370 3588 440 3662 erit
456 3593 500 3658 ut
516 3586 564 3658 ad
582 3610 625 3658 ea
647 3592 878 3658 revertamur
904 3608 985 3680 quae
1004 3606 1101 3656 anno
1129 3583 1225 3654 1602
1245 3608 1267 3655 a

229 3710 506 3786 Genevensibus
532 3715 616 3780 acta
633 3708 888 3781 narravimus:
917 3707 1049 3780 exinde
1066 3705 1164 3778 enim
1189 3729 1266 3778 non

227 3835 338 3907 modo
352 3833 471 3911 multa
487 3831 682 3918 discemus,
699 3831 764 3903 sed
782 3830 888 3927 quasi
898 3854 944 3902 ex
960 3830 1083 3903 Pharo
1095 3830 1264 3926 quddam,

227 3956 385 4030 multam
400 3956 523 4029 lucem
540 3954 588 4026 ad
605 3961 740 4029 caetera
762 3953 1014 4049 dignoscenda
1031 3954 1264 4052 accipiemus.

229 4079 303 4154 Hic
321 4079 427 4175 quasi
450 4068 606 4153 limitem
630 4077 809 4152 habemus
834 4076 933 4152 inter
950 4079 1044 4151 duos
1068 4078 1267 4154 distinctos
