2976 4784
716 243 764 324 70

221 446 383 548 politicis
408 469 563 522 munere
588 444 780 544 gaudenti,
808 452 848 519 at
873 442 1069 542 Religione
1095 441 1205 518 simul
1229 449 1270 518 et

221 574 314 648 Jure
347 570 547 672 plurimirm
580 571 733 659 valenti,
760 594 821 646 res
855 577 938 645 tota
974 570 1173 646 commissa
1198 574 1269 657 est,

223 697 379 771 simulac
421 693 678 769 controversia
711 700 771 768 est
804 701 935 769 exorta
967 693 1066 768 inter
1109 693 1270 768 Gentem

222 842 494 917 quamcumque
522 816 731 892 Externum
757 826 796 892 et
813 817 992 893 Romanae
1009 816 1269 892 Moderatores

221 940 460 1040 Reipublicae.

271 1064 331 1138 Ex
356 1063 427 1140 htc
454 1063 572 1164 igitur
598 1063 777 1164 praeclarl
802 1063 923 1140 Gente
941 1062 1125 1163 praecipue
1149 1062 1269 1162 petita

222 1196 312 1264 sunt
328 1190 498 1288 exempla
516 1191 563 1264 ab
581 1189 640 1279 iis,
654 1189 784 1288 paucis
801 1190 933 1288 utique
951 1196 990 1263 et
1006 1187 1108 1262 nullb
1124 1189 1266 1286 pollen·

220 1312 322 1387 tibus
345 1313 570 1388 auctoritate
590 1312 749 1411 publica,
768 1312 831 1411 qui
847 1312 887 1385 in
903 1313 976 1388 hoc
993 1313 1020 1386 J
1019 1338 1085 1386 ure
1103 1311 1268 1386 studium

222 1459 333 1510 snum
362 1446 592 1535 posuerunt3
626 1438 715 1510 dum
744 1436 928 1535 principia
951 1437 1016 1511 illa
1038 1443 1269 1536 exponerent

221 1585 306 1658 quae
334 1586 455 1659 nuper
480 1561 572 1659 ipsis
598 1561 798 1659 plurimum
825 1561 1001 1660 ponderis
1027 1559 1269 1636 concililrunt

221 1686 261 1759 in
286 1685 377 1761 foris
398 1685 581 1784 juridicis,
600 1709 769 1783 quaeque,
794 1686 995 1760 dummodb
1019 1683 1158 1758 fuerint
1183 1707 1266 1757 exe·

222 1810 365 1886 cutioni
390 1811 490 1899 data,
521 1835 652 1909 pacem
684 1809 775 1884 Orbi
801 1817 840 1885 et
865 1810 1034 1885 ordinem
1059 1806 1265 1883 servdrunt.

221 1934 365 2010 Privati
381 1935 498 2032 igitur
514 1934 698 2023 homines,
719 1936 917 2009 dumbono
935 1933 1123 2009 communi
1141 1932 1266 2006 stude·

221 2067 318 2148 rent,
334 2058 411 2132 suis
429 2058 708 2146 benefecerunt,
722 2057 749 2130 J
750 2082 891 2156 unaque
904 2058 1108 2132 dedemmt:
1129 2055 1267 2154 quanto

221 2183 342 2282 magis
357 2182 430 2256 hoc
446 2182 587 2280 poterit
603 2188 783 2280 praestare
800 2181 969 2257 Ecclesia
985 2181 1164 2269 Romana,
1183 2203 1266 2277 quae

222 2307 352 2382 eodem
381 2305 451 2378 sibi
481 2305 556 2378 fine
587 2306 815 2403 praestituto,
846 2331 923 2380 non
958 2305 1116 2404 amplius
1142 2304 1266 2403 operis

220 2428 415 2503 materiam
445 2428 662 2502 elaborandi
687 2453 826 2502 munus
852 2429 1020 2520 haberet,
1052 2429 1118 2505 sed
1145 2425 1265 2502 sehim

221 2576 304 2649 quae
316 2552 332 2649 j
413 2557 501 2624 sunt
518 2551 672 2626 collecta
689 2552 910 2651 applicandi.

270 2675 530 2749 Veruntamen
546 2700 624 2750 non
637 2682 721 2751 tota
730 2676 883 2777 Europa
897 2678 1109 2754 Christiano
1126 2674 1265 2774 gaudet

220 2799 383 2874 nomine,
436 2799 546 2874 Intra
563 2800 725 2900 Europae
745 2801 851 2891 fines,
870 2803 1097 2879 Potentatus
1116 2800 1266 2900 quidam

220 2924 498 2999 Mahumeticus
515 2950 601 2999 eum
628 2926 823 3025 occupavit
847 2928 984 3017 locum,
1004 2929 1079 3026 qui,
1098 2928 1199 3026 quod
1218 2926 1267 3000 ad

221 3048 488 3147 geographiam
514 3049 653 3124 attinet
680 3057 719 3126 61
745 3050 795 3125 ad
822 3076 884 3127 res
914 3053 1099 3150 politicas,
1125 3053 1265 3151 primas

220 3182 347 3271 partes
373 3173 412 3247 in
430 3173 592 3270 Europa,
618 3173 708 3272 quin
734 3183 773 3249 et
798 3176 838 3248 in
863 3177 1037 3251 universe
1055 3176 1168 3264 Orbe,
1188 3200 1266 3252 sor-

220 3295 326 3369 titur.
371 3295 502 3383 Porrb,
515 3296 596 3370 haec
609 3297 835 3395 Respublica
850 3305 930 3372 tam
946 3299 1179 3397 longeabest
1191 3322 1265 3393 quo

220 3418 345 3491 minus
359 3417 554 3492 Pontificio
568 3419 723 3495 consilio
734 3430 931 3520 repugnet,
942 3430 987 3495 ut
996 3422 1171 3496 videatur.
1179 3441 1266 3491 cum

221 3563 266 3613 ee
291 3540 417 3637 potitis
444 3541 681 3638 conspirare;
708 3567 779 3616 nec
804 3552 932 3618 tamen
957 3543 1057 3617 aliud
1075 3541 1266 3615 invenitur

220 3685 289 3758 per
318 3660 459 3735 Orbem
488 3661 850 3760 Guberniumquod
874 3689 951 3739 non
973 3664 1093 3737 eidem
1111 3662 1263 3754 directe,

221 3793 260 3858 et
285 3809 332 3858 ex
348 3784 430 3882 ipsb
454 3785 510 3858 rei
531 3787 679 3875 naturt,
698 3788 929 3862 adversetur.
981 3787 1067 3862 Hoc
1084 3789 1208 3862 '1¹11qu
1226 3797 1265 3864 et

221 3907 405 3982 Pourrrax
443 3907 621 3981 Ronanus
658 3934 854 3985 commune
883 3910 1040 3999 habent,
1073 3913 1265 3989 latronum

219 4031 382 4132 impetus
400 4040 694 4129 caeterorumque
712 4033 962 4133 Imperiorum
978 4034 1132 4115 insidias
1151 4039 1264 4115 susti·

237 4394 418 4496 A
486 4398 489 4404 ,
