2976 4784
724 271 772 343 50

219 486 321 561 omni
344 513 422 562 non
455 488 628 563 obstante
666 487 765 585 quod
802 487 842 560 in
879 511 967 561 suos
1005 510 1097 562 usus
1132 511 1264 585 suppe-

218 612 375 686 ditasset
413 611 530 700 Deus,
566 614 665 710 quod
708 614 756 687 ad
798 613 1059 687 exaltationem
1096 613 1264 688 Fortuna

96 816 99 820 ,
218 737 436 810 addidisset.

267 861 489 958 Ableganda
521 862 650 960 utique
685 869 743 935 est
786 888 859 936 vox
900 863 963 936 illa
1000 863 1104 937 Juris
1138 862 1261 936 Inter-

215 985 437 1059 nationalis:
463 1011 530 1084 per
546 987 670 1085 ipsum
687 987 825 1061 etenim
842 988 1138 1061 additamentum
1155 997 1262 1084 patet

218 1134 330 1206 quam
352 1110 402 1183 sit
425 1111 568 1208 abjecta
589 1113 895 1209 desperandaque
924 1138 1050 1186 rerum
1065 1113 1259 1187 conditio.

219 1233 320 1308 Fons
356 1235 467 1332 hujus
513 1236 736 1311 conditionis
773 1237 811 1309 in
857 1237 1057 1334 propatulo
1096 1237 1259 1334 ponitur,

216 1358 305 1432 dum
332 1360 544 1434 intellectus
572 1362 749 1435 vilescere
780 1362 1013 1435 ostenditur:
1053 1361 1261 1436 reverentia

216 1484 402 1557 revelatur
430 1484 534 1558 Juris
560 1492 599 1557 et
617 1483 748 1582 AEqui,
771 1509 883 1582 quam
912 1509 1027 1581 parva
1055 1483 1124 1571 sit;
1161 1487 1260 1582 quod

216 1607 290 1681 nisi
321 1633 360 1682 sc
393 1608 448 1682 ita
479 1609 646 1696 haberet,
674 1632 744 1682 nec
777 1608 862 1682 vilis
896 1608 1003 1682 fieret
1035 1609 1258 1697 intellectus,

218 1757 288 1807 nee
299 1734 448 1829 abjecta
464 1760 590 1808 rerum
608 1734 782 1808 conditio.
835 1734 1018 1808 Praesidet
1034 1734 1162 1831 utique
1175 1735 1257 1823 Jus,

214 1866 349 1954 regnat
379 1858 462 1946 Jus,
493 1860 539 1932 de
567 1857 668 1933 Coelo
697 1860 766 1932 Jus
795 1858 997 1932 descendit.
1051 1858 1120 1932 Jus
1149 1883 1260 1957 super

214 1982 340 2055 omnia
360 1984 509 2058 eminet.
563 1982 634 2057 Jus
663 1983 779 2080 igitur
804 1983 1002 2057 Nationale
1031 2009 1100 2081 pro
1128 1992 1258 2058 sancto

214 2115 272 2180 est
289 2108 522 2183 habendum:
551 2115 591 2181 at
614 2107 799 2205 particula
828 2107 891 2181 illa
911 2115 934 2147 “
947 2106 1092 2194 Inter,”
1110 2133 1258 2181 omnem

213 2231 345 2305 exinde
367 2234 467 2305 tollit
495 2233 744 2306 sanctitatem.
799 2231 839 2307 si
857 2232 939 2329 quis
966 2232 1063 2305 hanc
1088 2232 1255 2329 phrasim

212 2355 367 2453 Angliee
393 2356 558 2454 proferre
583 2356 756 2443 voluerit,
776 2381 857 2429 eam
883 2364 966 2429 tum
997 2381 1109 2430 sensu
1133 2382 1257 2431 carere

212 2488 469 2576 cognosceret,
501 2487 582 2554 tum
613 2480 829 2580 despectum
859 2481 949 2578 quid
982 2506 1059 2578 prae
1088 2507 1128 2554 se
1161 2481 1256 2556 ferre

213 2604 380 2677 sentiret.

263 2728 333 2801 Jus
355 2726 531 2802 Gentium
553 2727 730 2803 definitur
758 2728 871 2804 etiam
896 2729 967 2803 Jus
994 2728 1162 2818 Naturae,
1186 2731 1256 2805 Jus

212 2850 346 2926 deinde
370 2853 558 2928 Divinum.
620 2851 780 2953 Propter
806 2855 1006 2928 essentiam
1032 2879 1138 2928 suam
1162 2856 1255 2928 bene

210 2983 336 3074 potest
362 3003 385 3050 a
401 2976 439 3052 N
440 2976 547 3050 aturd
571 3002 710 3052 nomen
736 2979 941 3066 desumere,
968 2979 1028 3052 vel
1052 3004 1075 3051 a
1100 2977 1205 3067 Deo;
1233 3005 1256 3052 a

212 3099 396 3176 Gentibus
414 3103 549 3190 etiam3
569 3102 703 3200 quippe
718 3103 820 3200 quod
837 3127 967 3177 omnes
984 3111 1093 3200 regat
1112 3103 1254 3178 Gentes

211 3234 249 3300 et
266 3228 312 3300 ab
331 3226 502 3301 omnibus
516 3235 741 3324 acceptetur.
777 3226 882 3302 Nihil
891 3227 1020 3324 utique
1032 3228 1132 3300 aliud
1143 3237 1201 3301 est
1211 3253 1254 3302 ac

208 3359 395 3448 praecepta
405 3351 582 3447 Deoalogi
593 3348 931 3424 Communitatibus
945 3350 1150 3448 applicata:
1172 3373 1253 3446 quae

209 3475 272 3571 qui
296 3475 497 3548 servaverit
523 3473 694 3572 populus,
714 3475 826 3549 fidem
855 3474 1030 3561 servabit,
1058 3473 1251 3560 honorem,

207 3598 433 3686 libertatem,
461 3599 747 3687 auctoritatem
779 3599 892 3672 immo
915 3598 956 3669 in
981 3593 1162 3671 aeternum
1186 3597 1252 3669 du-

207 3721 317 3808 rabit,
344 3722 454 3795 modb
482 3728 606 3796 cetera
631 3747 709 3796 non
740 3722 864 3796 desint
894 3722 1114 3795 necessaria.
1181 3720 1253 3812 Qui

206 3843 295 3918 verb
318 3844 478 3941 populus
507 3843 586 3918 sine
606 3843 709 3941 justi
733 3845 844 3919 causet
864 3845 1022 3917 alterum
1045 3855 1251 3943 oppugnat,

202 3966 282 4064 jam
307 3965 470 4064 perdidit
493 3964 744 4040 innocentiam
771 3975 810 4040 et
832 3967 1023 4056 honorem,
1041 3967 1252 4045 libertatem

208 4089 316 4166 simul
342 4097 381 4164 et
413 4088 553 4165 fidemt
604 4112 673 4164 nec
708 4116 806 4166 unus
840 4090 989 4190 quidem
1016 4093 1108 4169 inibi
1140 4095 1256 4190 Oisia,

66 4400 300 4504 A
