2976 4784
711 301 757 373 21

219 501 378 576 maxime
402 509 589 589 constent,
608 526 676 598 pro
701 509 846 574 naturae
871 499 995 597 potius
1015 527 1125 598 quam
1142 502 1259 577 homi·

218 651 310 701 num
348 626 514 700 metibus
557 633 647 699 sunt
686 625 868 699 habenda.
939 625 1042 716 Quos
1075 628 1259 703 tumultus

220 757 333 846 atque
360 750 593 823 incursiones
628 749 660 822 si
695 751 845 846 quando
874 752 1119 825 tractaverim
1146 752 1258 849 juris-

220 874 343 972 periti,
381 874 474 948 satis
504 898 588 947 esse
612 873 856 962 arbitrantur,
873 883 917 946 ut
945 875 1084 963 dicant,
1110 875 1151 948 in
1175 877 1258 949 istis

218 1025 457 1098 nequaquam
483 1001 629 1073 Bellum
664 999 882 1087 consistere,
920 1001 988 1074 sed
1020 1001 1259 1076 latrocinium

220 1125 455 1199 solummodd
473 1132 510 1198 et
527 1123 806 1222 praedationem.
1285 1130 1287 1133 ’

268 1248 510 1323 Facinoribus
537 1247 750 1345 hujusmodi
776 1247 911 1345 siquis
939 1273 980 1322 se
1001 1247 1257 1335 immiscuerit,

219 1397 304 1447 cum
321 1399 366 1447 1ο
382 1381 427 1446 ut
445 1397 530 1445 cum
547 1374 725 1470 praedone
741 1398 852 1469 agere
870 1381 909 1446 et
924 1372 1012 1446 licet
1028 1379 1067 1445 et
1085 1381 1234 1470 oportet
1248 1400 1258 1459 ;

219 1522 376 1594 eumque
390 1496 517 1594 (modo
535 1505 703 1570 armatus
715 1496 1029 1594 deprehendatur)
1044 1497 1122 1570 sine
1140 1521 1261 1570 causae

220 1620 432 1716 cognitione
466 1621 515 1693 ad
548 1628 708 1694 mortem
739 1621 927 1694 damnare.
981 1619 1091 1710 Quod
1119 1620 1261 1693 factum

218 1743 377 1837 legimus
395 1743 470 1829 ubi,
490 1767 575 1815 cum
592 1769 691 1816 anno
710 1745 820 1830 1602,
836 1745 923 1815 Dux
937 1743 1144 1830 Sabaudiae,
1162 1743 1263 1814 11111111

220 1864 322 1962 prius
350 1865 631 1937 denuntiatione
663 1865 774 1951 facta,
810 1865 1091 1939 Genevensibus
1125 1866 1262 1939 bellum

219 1989 371 2063 intulit:
401 1997 586 2084 quotquot
612 2014 657 2062 ex
682 1989 847 2062 hostium
872 2014 1028 2061 numero
1056 1989 1096 2062 in
1126 1989 1262 2063 civium

219 2139 352 2187 manus
378 2114 605 2201 inciderunt,
632 2138 743 2210 super
768 2112 907 2186 moenia
931 2113 1036 2184 urbis
1057 2114 1151 2187 collo
1180 2138 1261 2188 sus·

220 2238 326 2335 pensi
357 2245 458 2311 sunt.
524 2238 618 2310 Rem
645 2237 701 2310 ita
727 2237 863 2310 acriter
896 2245 1019 2309 actam
1040 2236 1262 2334 jurisperiti,

220 2363 428 2460 prasertim
445 2361 640 2448 Vatellius
661 2370 840 2458 tanquam
867 2361 1123 2435 authenticum
1141 2387 1261 2435 exem·

219 2488 324 2585 plum
345 2487 532 2561 memoriae
560 2487 808 2559 tradiderunt.
861 2475 1027 2558 1111111111
1054 2494 1112 2558 est
1137 2488 1261 2560 obser·

219 2614 394 2700 vandum,
428 2611 624 2685 Sabaudiae
652 2612 795 2684 Ducem
825 2637 1018 2708 nunquam
1052 2636 1184 2684 ausum
1215 2613 1262 2685 ad

219 2738 396 2810 talionem
409 2737 608 2834 confugere
619 2763 631 2822 ;
658 2761 861 2832 omnesque
875 2735 1079 2809 assensisse
1092 2737 1262 2819 nationes

220 2859 309 2934 huic
349 2861 571 2933 constantiae
609 2860 718 2932 simul
761 2884 805 2932 ac
841 2861 998 2956 justitiae
1042 2860 1264 2947 executioni,

222 2981 329 3077 cujus
357 2988 398 3053 et
424 2981 545 3076 gratita
574 2982 740 3078 parvulae
768 2982 833 3054 isti
859 2983 1003 3056 civitati
1027 2991 1085 3055 est
1116 2991 1265 3063 servata

221 3104 386 3178 libertae.

272 3229 330 3303 De
347 3227 455 3301 bellis
480 3227 620 3300 illicitis
646 3228 794 3324 quoties
810 3254 856 3301 ex
874 3228 944 3302 alia
960 3227 1072 3302 causa
1090 3228 1265 3302 duxerint

223 3353 405 3450 originem
422 3377 466 3425 ac
484 3377 529 3425 ex
539 3352 825 3450 migrationibus
837 3355 1094 3439 barbarorum,
1106 3379 1184 3427 non
1194 3354 1265 3428 alio

222 3480 334 3552 modo
358 3485 417 3551 est
440 3477 651 3577 judicatum
680 3504 790 3575 quam
820 3481 867 3553 de
893 3473 1131 3577 praedonibus
1155 3479 1264 3551 mari-

222 3603 336 3691 timis,
356 3627 423 3676 seu
440 3603 486 3676 de
503 3602 753 3676 moliminibus
770 3604 958 3678 latronum
976 3604 1015 3676 in
1033 3603 1147 3702 sylvis
1161 3628 1265 3700 gras·

224 3726 399 3813 santium,
419 3751 486 3800 seu
504 3727 550 3800 de
566 3727 776 3801 homicidiis
793 3728 1072 3826 latrociniisque
1087 3753 1187 3816 rure,
1206 3728 1266 3802 vel

223 3850 326 3924 intra
339 3852 481 3924 moenia
495 3853 731 3951 perpetratis.

274 3975 362 4048 Huc
386 3976 470 4073 jure
495 3977 709 4051 referuntur
735 3991 864 4052 omnes
890 3977 1029 4052 nostris
1052 3977 1156 4052 hisce
1172 3985 1265 4050 tem·

223 4098 377 4196 poribus
397 4100 499 4176 terrd
524 4102 693 4202 marique
718 4102 949 4180 exercituum
976 4103 1114 4202 patrati
1139 4103 1265 4177 nisum
