2976 4784
709 335 779 406 101

222 532 312 604 tiam
330 531 559 605 hortabatur.
613 531 660 604 In
677 531 784 606 Novo
803 532 1044 605 Testamento
1061 534 1190 606 eadem
1208 541 1267 607 est

223 657 443 753 significatio
454 657 721 730 vocabulorum
741 665 764 696 “
778 656 1079 744 Conversionis,”
1093 665 1131 731 et
1146 665 1169 696 “
1182 657 1265 731 Poe·

221 780 428 868 nitentiae,''
444 806 589 855 necnon
605 780 818 856 “Salutis''
872 783 983 855 Illum
1002 782 1072 855 sibi
1089 783 1265 879 praedica·

221 904 334 977 tionis
353 905 463 978 finem
481 907 677 1003 proposuit
694 915 847 980 sanctus
865 906 1088 980 Pascunsoa
1111 907 1264 994 Domui,

222 1038 266 1102 ut
283 1033 421 1104 saluum
435 1032 575 1127 faceret
591 1033 763 1128 populum
786 1059 890 1106 suum
908 1059 932 1106 o
941 1033 1099 1128 peccatis
1118 1059 1264 1116 eorum

223 1181 343 1252 neque
368 1163 494 1231 tamen
521 1183 564 1231 eo
582 1165 804 1256 pervenerat
829 1157 1038 1232 “Ecclesia
1054 1156 1075 1189 ”
1096 1158 1122 1231 J
1123 1159 1265 1247 udaica,

222 1288 265 1352 ut
307 1282 445 1355 multos
489 1283 654 1379 quotidie
697 1282 866 1357 homines
909 1283 1137 1357 trucidaretl
1209 1284 1266 1358 De

223 1404 444 1478 Christianis
477 1409 593 1481 verba
627 1408 767 1481 faciens
806 1407 964 1494 Plutus,
1009 1416 1098 1505 post
1139 1407 1265 1482 Oruci-

222 1529 395 1603 fixionem
407 1539 446 1603 et
456 1532 726 1605 Ascensionem
736 1533 889 1619 Domini,
903 1541 941 1606 et
951 1540 1039 1629 post
1048 1533 1266 1606 Adventum

224 1650 389 1726 Srnnnus
416 1652 561 1740 Sinon,
589 1655 663 1726 ait:
698 1653 741 1727 St
767 1654 845 1748 qais
882 1674 1029 1727 'suoram
1055 1662 1087 1726 et
1112 1657 1265 1729 marimo

222 1777 490 1851 domesticorum
507 1803 632 1851 curum
656 1802 728 1850 uon
754 1778 867 1865 habet,
878 1778 993 1873 fidem
1009 1780 1150 1873 oequoit
1168 1787 1201 1853 et
1215 1787 1266 1853 est

221 1900 360 1995 infideli
377 1902 540 1976 deterior.
593 1902 680 2000 Ipse
697 1903 785 1975 vero
804 1903 849 1975 de
866 1903 1025 1997 aepleolu
1043 1905 1188 1976 tantum
1207 1912 1266 1978 est

221 2026 380 2115 locutus,
401 2034 439 2099 et
462 2028 508 2101 de
534 2052 662 2100 earum
689 2053 815 2100 rerum
837 2027 1011 2123 neglectu
1040 2053 1122 2124 quae
1151 2028 1182 2102 si
1200 2030 1264 2102 ob-

224 2157 371 2224 servata
388 2157 526 2238 essent,
547 2152 594 2223 ad
616 2175 802 2224 summum
819 2150 925 2223 utiles
944 2149 1113 2224 fuissent.
1167 2151 1265 2242 Quid

222 2299 348 2371 queeso
371 2274 481 2348 hodie
503 2275 685 2348 sentirent
701 2276 891 2361 Arosnoni,
912 2274 1093 2371 quibusve
1109 2277 1264 2350 vocibus

222 2400 479 2486 reclamarent,
505 2397 536 2471 si
563 2399 660 2473 hanc
679 2398 850 2472 viderent
878 2397 1192 2473 Communitatem
1224 2425 1264 2475 se

220 2551 289 2623 pro
308 2523 518 2598 Christiane
540 2525 782 2621 gestantem?
835 2524 966 2621 Neque
995 2524 1102 2598 aliter
1128 2526 1263 2600 sentiet

211 2646 258 2723 ‘et
291 2650 465 2746 loquetur
500 2648 721 2747 quicumque
754 2674 866 2723 verus
910 2649 959 2722 sit
1002 2648 1264 2725 Arosrouosuu

222 2771 435 2846 Successoa.

272 2896 319 2967 In
332 2896 400 2969 Pio
411 2896 480 2968 IX.
494 2898 710 2992 conjunctas
721 2896 890 2969 videmus
907 2898 1002 2970 tales
1017 2897 1130 2970 animi
1142 2899 1261 2983 dotes,

221 3020 419 3117 preeclaras
444 3020 525 3092 illas
551 3020 699 3115 quidem
727 3026 766 3092 et
795 3019 878 3091 raro
904 3020 1013 3092 simul
1040 3028 1262 3117 compertas,

222 3150 265 3215 ut
282 3142 453 3218 videatur
476 3167 499 3215 a
521 3142 601 3217 Deo
628 3144 667 3214 in
697 3167 805 3239 opem
835 3143 987 3218 humani
1014 3145 1159 3239 generis
1178 3168 1263 3216 con-

223 3269 407 3354 stitutus3
434 3267 514 3364 ipse
540 3275 601 3340 ost
627 3264 803 3341 Canticos
831 3268 894 3364 qui
924 3268 1118 3366 analyticis
1145 3292 1263 3364 quaes-
1348 3283 1351 3288 “

221 3395 385 3468 tionibus
412 3392 576 3467 animum
610 3393 821 3491 applicavit,
854 3400 892 3466 et
927 3392 1037 3465 simul
1070 3392 1262 3480 Pnrncnrs,

221 3546 297 3594 non
319 3518 416 3593 sicut
442 3517 556 3591 ceteri
581 3517 773 3615 Principes
800 3517 974 3615 Europae,
993 3516 1144 3591 nomine
1171 3518 1264 3589 dun·
1298 3574 1301 3579 .

221 3652 338 3732 taxat,
357 3643 486 3718 verum
504 3642 617 3716 otiam
634 3648 832 3739 potestate.

271 3771 403 3867 Neque
426 3769 576 3841 tantum
606 3766 728 3864 operis
765 3774 823 3840 est
858 3791 987 3864 capas,
1013 3773 1125 3865 aptus
1150 3768 1264 3844 rebus

223 3893 403 3991 agendis3
435 3900 619 3991 praeterea
643 3917 796 3965 manum
818 3891 898 3989 jam
933 3891 1037 3989 operi
1070 3890 1263 3979 admovit;

223 4017 321 4113 quod
338 4040 432 4113 opus
453 4041 520 4114 per
538 4041 606 4090 sua
622 4014 738 4113 ipsius
755 4016 869 4090 verba
886 4015 1018 4089 melius
1042 4014 1269 4089 describitur

222 4137 328 4238 quam
346 4163 413 4237 por
430 4140 674 4239 quodcunque
685 4139 1004 4241 commentarium.
1043 4138 1149 4218 Dixit
1160 4139 1264 4236 ipse:
