2976 4784
755 293 803 362 54

248 491 489 588 praetendunt
504 498 549 562 ut
574 490 621 562 ab
638 489 740 563 omni
764 488 893 588 reguli
916 490 1053 587 agendi
1074 489 1292 564 liberentur.

249 615 470 690 Remedium
482 623 609 688 autem
626 616 675 688 ad
686 615 770 702 hoc,
786 639 871 687 cum
884 615 1042 712 simplex
1056 615 1105 688 sit
1115 615 1295 712 pluraque

249 741 509 838 complectens,
521 740 667 838 vel,pr0
681 738 723 812 et
737 739 870 812 saltem
883 738 955 836 qut
964 740 1105 836 gaudet
1114 739 1292 824 novitate,

249 866 297 938 ad
316 889 355 938 se
376 865 540 962 profecto
566 872 711 938 mentes
736 863 930 936 hominum
956 864 1067 937 debet
1093 864 1293 938 attrahere.

249 988 287 1061 N
288 1014 360 1063 ova
394 997 433 1063 et
466 989 657 1076 inusitata,-
694 1013 832 1086 magno
862 988 991 1084 utique
1025 988 1213 1085 sequimur
1238 1012 1293 1062 ar·

250 1114 354 1187 dore:
379 1113 525 1210 justitie
552 1122 678 1186 autem
695 1112 788 1184 nihil
804 1112 924 1208 magis
943 1137 1082 1185 novum
1099 1111 1295 1209 minusque

247 1236 439 1310 usitatum.

736 1435 803 1509 IV.

249 1573 320 1646 Jus
337 1581 550 1647 restaurare
577 1574 688 1647 debet
714 1573 889 1647 Pontifex
906 1571 1101 1646 Romanus
1118 1572 1293 1647 Ecclesiae

351 1696 487 1794 Caput.

298 1835 437 1909 Utrum
473 1837 639 1911 Ecclesia
676 1836 871 1911 Catholica
904 1837 1016 1934 hujus
1052 1837 1293 1909 restauratio·

248 1959 306 2033 nis
332 1961 567 2058 perficiendae
596 1962 645 2035 sit
676 1987 805 2059 capax,
823 1962 863 2035 id
889 1987 935 2034 ex
959 1961 1084 2035 indole
1100 1960 1295 2034 hominum

248 2108 341 2180 quos
370 2085 480 2159 hodie
507 2085 628 2157 nutrit
656 2085 819 2183 pendere
847 2084 1046 2159 dicendum
1073 2092 1142 2158 est.
1196 2084 1295 2157 Huic

248 2207 426 2282 Ecclesiae
446 2209 654 2282 necessarie
678 2209 861 2282 incumbit
877 2218 922 2281 ut
940 2217 1117 2282 conatum
1134 2208 1295 2305 aliquem

248 2332 434 2420 adhibeat,
479 2341 563 2404 tum
603 2343 755 2430 propter
797 2333 930 2408 faciem
973 2334 1121 2407 sceleris
1163 2357 1294 2407 recens

248 2464 443 2544 mutatam,
478 2466 560 2529 tum
600 2481 646 2530 ex
684 2482 728 2530 eo
775 2458 876 2554 quod
919 2457 989 2530 sibi
1020 2440 1294 2532 auctoritatem

247 2579 411 2653 vindicet
428 2581 586 2654 docendi
603 2581 766 2653 fidelium
784 2581 1042 2655 conscientias.

298 2703 424 2778 Verba
441 2704 592 2802 quidem
609 2731 632 2778 a
650 2704 806 2780 Summo
823 2706 1007 2780 Pontifice
1025 2707 1184 2804 prolata,
1204 2706 1295 2778 dum

250 2829 396 2903 dulcem
429 2830 469 2902 in
504 2855 544 2905 se
575 2831 770 2906 continent
799 2831 1098 2929 promissionem,
1124 2831 1295 2904 nonnihil

249 2962 375 3028 tamen
392 2955 579 3029 incutiunt
597 2957 753 3031 timoris.
798 2957 872 3030 Per
888 2957 969 3031 haec
985 2958 1113 3044 verba,
1126 2956 1296 3030 Ecclesia

250 3079 322 3153 sibi
339 3080 477 3177 aliquid
492 3081 672 3154 momenti
697 3081 735 3153 in
758 3105 800 3154 re
827 3079 979 3177 politica
996 3105 1191 3178 superesse
1208 3103 1294 3178 pro·

248 3205 397 3293 clamat,
416 3231 500 3279 cum
519 3207 583 3304 jus
611 3205 682 3279 sibi
701 3206 867 3280 vindicat
893 3205 1174 3302 Appellationes
1192 3204 1293 3276 audi-

249 3330 346 3404 endi.
411 3330 516 3417 Haec,
562 3338 723 3427 quatuor
766 3329 900 3404 abhinc
941 3329 1048 3402 annis
1082 3328 1294 3424 jurisdictio

248 3462 405 3541 asserta,
424 3456 567 3526 nullum
583 3463 711 3528 tamen
729 3455 850 3527 adhuc
869 3453 1003 3527 sortita
1020 3460 1079 3525 est
1096 3451 1291 3523 effectum:

248 3577 375 3664 immo,
393 3603 463 3652 nec
481 3578 555 3650 unt
570 3579 651 3652 vice
669 3577 879 3651 executioni
896 3584 955 3650 est
972 3575 1161 3647 mandata.
1215 3572 1293 3646 Du·

246 3700 352 3773 bium
364 3701 480 3797 igitur
493 3703 661 3799 exsurgit
675 3703 773 3776 circa
784 3724 936 3774 sensum
948 3699 1147 3774 verborum
1160 3697 1293 3794 quibus

246 3849 317 3898 usa
337 3834 396 3898 est
421 3825 610 3913 Ecclesia3
639 3826 721 3922 quis
746 3825 900 3898 tandem
926 3824 985 3896 sit.
1039 3822 1098 3895 Ex
1115 3850 1190 3921 quo
1207 3849 1293 3922 pro·

246 3951 325 4023 lata
353 3949 505 4022 fuerunt
531 3948 596 4021 illa
623 3950 749 4036 verba,
779 3957 903 4021 status
933 3973 1059 4022 rerum
1086 3974 1163 4023 non
1193 3950 1293 4024 idem

246 4075 450 4162 remensit3
501 4073 695 4172 siquidem,
731 4099 777 4148 ex
809 4074 873 4150 illo
906 4083 1088 4175 tempore,
1124 4076 1293 4152 Ecclesia

66 4388 281 4512 A
