2976 4784
738 265 785 337 62

245 465 378 563 quibus
395 487 465 539 nos
488 462 651 551 utimur;
679 465 784 562 cujus
809 464 925 539 verba
950 489 993 538 eo
1019 462 1145 563 potiris
1161 465 1286 542 valere

246 591 396 678 debent,
433 588 520 686 quia
562 587 713 663 nonnisi
750 587 796 662 iis
830 587 1011 687 neglectis
1045 587 1085 661 in
1118 613 1285 688 praeceps
1408 672 1411 675 ,

244 714 387 787 ruerint
403 713 574 787 Athenae.
630 711 821 801 SocaarnS,
854 738 876 787 a
902 713 1091 786 nonnullis
1109 713 1285 789 Ecclesiae

244 837 431 925 Patribus,
458 861 527 935 pro
557 836 757 934 prodromo
793 844 852 910 est
884 836 1035 910 habitus
1062 835 1284 913 Christianae

244 961 462 1059 Religionis,
490 960 595 1058 cujus
623 961 794 1035 doctrina
811 962 854 1034 eb
880 960 1065 1058 praecipue
1092 963 1287 1058 spectabat

243 1074 344 1160 utin
360 1085 463 1160 falsis
479 1084 650 1160 terminis
667 1087 828 1160 latentes
846 1086 1111 1183 detegerentur
1127 1110 1284 1162 errores.

243 1210 418 1285 Florente
444 1209 574 1298 Roma,
592 1210 749 1308 ideoque
775 1209 963 1308 corrupta,
983 1212 1113 1284 eadem
1129 1210 1193 1284 illa
1210 1212 1285 1287 duo

244 1343 426 1435 apparent
466 1335 632 1433 pericula
673 1359 755 1433 quae
793 1335 874 1432 jam
914 1343 1055 1409 nostrae
1088 1335 1286 1409 imminent

245 1459 427 1557 Europae3
454 1459 619 1556 pericula
647 1458 798 1532 minime
825 1460 872 1532 ab
906 1457 1065 1533 invicem
1092 1459 1283 1555 sejuncta3

243 1582 357 1657 salsos
383 1583 466 1657 dico
492 1583 672 1658 terminos
701 1591 739 1656 et
773 1583 1005 1680 injustitiam.
1058 1583 1138 1659 Nec
1167 1585 1286 1657 sollim

243 1709 344 1806 apud
364 1732 429 1781 eos
455 1707 519 1804 qui
549 1708 595 1782 de
622 1708 790 1782 moribus
821 1708 1053 1806 scripserunt
1077 1708 1157 1781 haec
1174 1709 1285 1782 habe-

242 1857 349 1907 mns:
368 1857 446 1906 non
463 1833 557 1906 alius
575 1841 634 1907 est
652 1857 772 1907 sermo
791 1857 921 1907 eorum
939 1833 1003 1930 qui
1018 1833 1286 1930 rempublicam

243 1959 435 2056 gerebant,
479 1958 543 2056 qui
593 1958 822 2056 principibus
871 1959 1017 2056 accepti
1059 1966 1178 2046 erant,
1223 1958 1286 2054 qui

243 2090 398 2181 poeseos
439 2083 588 2158 laudem
631 2081 945 2180 adipiscebantur.‘
1010 2068 1048 2156 N
1049 2083 1286 2156 onnullorum

245 2208 427 2306 ejusmodi
442 2209 559 2282 verba
575 2208 774 2306 proferam,
798 2208 889 2282 talia
914 2207 1054 2282 etenim
1073 2216 1162 2281 sunt
1177 2208 1286 2282 nobis

243 2358 423 2431 perquam
440 2340 662 2431 opportuna.

295 2456 391 2532 Caro
402 2457 500 2531 cives
519 2481 607 2532 suos
624 2457 770 2531 monuit
780 2457 920 2532 amissa
930 2483 1021 2534 vera
1033 2458 1149 2532 firisse
1161 2483 1287 2532 rerum

244 2580 437 2657 vocabula.
502 2579 646 2655 Sannoi
679 2582 857 2656 admonet
885 2582 1005 2681 Leges
1031 2583 1111 2680 jam
1141 2582 1287 2658 siluisse

244 2705 344 2802 apud
356 2727 420 2778 eos
437 2704 501 2802 qui
517 2730 585 2803 pro
597 2706 682 2803 jure
700 2705 912 2805 acciperent
929 2707 1111 2805 quidquid
1133 2716 1287 2804 agerent

244 2829 515 2904 Moderatores.
557 2811 670 2903 ¹Dum
688 2830 836 2921 Cranno,
856 2832 925 2906 sub
942 2831 1112 2906 Africani
1128 2831 1287 2930 persona

243 2955 412 3052 loquens,
431 2955 515 3029 stilo
541 2955 600 3030 sui
627 2956 789 3031 nominis
817 2983 895 3032 non
919 2957 1088 3054 indign0,
1110 2956 1287 3031 describit

245 3079 333 3177 quid
351 3081 503 3155 tandem
521 3081 654 3156 debeat
672 3106 753 3157 esse
767 3081 1037 3170 Oommrmitas,
1051 3083 1133 3157 haec
1149 3083 1284 3157 habet:

244 3205 282 3279 N
283 3231 333 3280 on
359 3207 480 3281 solum
505 3206 729 3306 Respublica
751 3208 881 3281 eadem
898 3215 957 3281 est
985 3231 1029 3281 ac
1057 3206 1226 3295 lustitia,
1245 3215 1286 3280 at

244 3331 331 3406 verb
379 3331 530 3405 nonnisi
581 3356 649 3430 per
700 3332 896 3406 Justitiam
939 3330 1078 3418 existit,
1131 3354 1287 3424 eamque

245 3478 439 3530 summam.
501 3457 617 3553 Apud
668 3456 882 3545 Vrscmrnn,
941 3455 1140 3529 tenebrosa
1185 3450 1285 3524 Ditis

243 3602 362 3676 regna
376 3602 552 3678 magnam
568 3604 700 3655 vocem
716 3580 949 3677 ingeminant
967 3576 1101 3650 Thesei
1112 3602 1175 3652 :—

365 3738 480 3798 Discite
489 3739 640 3816 justitiam
653 3740 770 3815 moniti,
784 3745 816 3800 et
828 3759 890 3798 non
904 3743 1035 3797 temnere
1049 3736 1149 3794 Divos.

296 3878 428 3979 Neque
445 3880 553 3955 aliter
569 3906 639 3956 nos
658 3884 767 3957 docet
785 3883 919 3955 chcr
937 3902 1110 3953 carmen:

452 4067 463 4089 0
506 4071 513 4088 .
556 4071 564 4087 .
607 4072 614 4088 .
657 4028 775 4104 Virtus,
790 4028 991 4109 populumque
1004 4027 1085 4088 falsis

889 4121 1021 4181 Dedecet
1034 4123 1081 4181 uti

459 4215 599 4277 Vocibus
