2976 4784
721 312 768 392 71

228 556 338 607 nere:
367 529 583 630 quinetiam
600 538 640 604 et
655 529 738 618 hoe,
754 530 856 628 quod
867 529 1000 606 iisdem
1009 532 1268 610 adhuefiuun·

227 662 292 729 tur
303 655 468 754 Legibus
479 662 518 729 et
530 653 697 728 moribus
711 653 845 751 quibus
858 655 947 730 olim
956 655 1077 730 Reme
1087 657 1266 757 Antiqua·

227 780 376 855 Horum
395 778 657 853 institutorum
679 777 833 853 effeetus
857 779 897 852 in
919 804 964 854 ee
981 782 1146 856 cernitur
1166 783 1266 880 qubd

227 902 372 991 Turbes,
384 902 454 976 soli
461 902 561 976 inter
571 900 724 990 Gentes,
737 902 998 978 abstinuerunt
1008 929 1049 979 se
1065 931 1089 980 e
1098 907 1262 982 consiliis

227 1035 360 1102 eontra
368 1026 509 1100 vicinos
523 1051 612 1101 suos
621 1025 874 1114 moliendis‚et
883 1028 930 1102 ab
940 1028 1103 1105 ineundo
1112 1038 1266 1128 paetum

226 1176 313 1227 eum
322 1150 416 1239 eliis,
428 1174 472 1224 eo
489 1151 562 1224 fine
578 1157 624 1223 ut
639 1174 699 1225 res
710 1151 884 1226 ‘internas
897 1151 1105 1228 vicinorum
1116 1164 1264 1253 pertur-

224 1276 328 1364 bent,
351 1274 471 1373 iisque
496 1275 668 1349 auferant
690 1275 915 1350 libertatem.
968 1277 1115 1351 Bellum
1138 1279 1264 1356 deeer·

224 1425 314 1475 nere
352 1400 562 1496 militesque
599 1398 846 1489 eonsmibere,
881 1425 1002 1499 neque
1039 1401 1264 1480 Consulibus

225 1523 453 1620 Senatuique
480 1522 588 1597 licuit
614 1521 796 1613 Romano,
819 1549 939 1622 neque
963 1524 1075 1601 hodie
1100 1526 1265 1604 Summo

225 1673 312 1722 eum
328 1648 473 1720 Dlvnuo
491 1670 560 1720 suo
575 1646 676 1720 lieet.

275 1769 476 1868 Expectari
501 1768 660 1842 debebat
675 1768 749 1841 illie
767 1768 955 1843 sententis
970 1770 1183 1858 Fnomwn,
1201 1769 1263 1846 hie

223 1894 346 1967 Fusus
360 1892 523 1979 Unum
542 1915 663 1987 neque
680 1890 857 1987 quiquam
868 1900 1017 1989 pareret
1028 1892 1083 1964 illi
1096 1891 1262 1966 Summo

224 2018 286 2116 qui
303 2016 372 2091 hle
390 2015 526 2091 omisst
540 2015 679 2089 bellum
694 2015 807 2089 vellet
828 2014 1052 2090 intentare*
1104 2016 1176 2092 Vel
1191 2016 1265 2115 ipsi

223 2142 361 2215 milites
387 2139 561 2238 gregarii,
588 2130 719 2213 eodem
746 2138 929 2212 haberent
952 2163 1120 2227 numero,
1146 2165 1264 2214 unum

223 2267 271 2340 de
304 2265 382 2339 suis
413 2263 554 2339 nivibus
583 2262 770 2337 trucidare
804 2287 848 2336 se
876 2264 1069 2338 collectam
1098 2263 1264 2339 hostium

223 2390 426 2466 eohortem.
478 2387 550 2462 Illo
577 2386 716 2461 etenim
744 2386 958 2462 inconsulto
987 2387 1048 2462 eui
1081 2388 1265 2463 incumbis

222 2514 381 2589 officium
396 2512 457 2588 vel
472 2511 699 2587 concedendi
715 2511 864 2585 Fulvsu
880 2512 940 2587 vel
956 2512 1131 2610 negandi,
1153 2537 1264 2588 nemo

220 2638 261 2711 in
277 2636 490 2736 hujusmodi
505 2636 699 2711 eohortem
715 2636 791 2710 tela
806 2636 1017 2735 projiceret,
1035 2636 1138 2711 haud
1155 2637 1264 2712 secus

222 2789 267 2838 ee
282 2764 324 2836 in
339 2761 476 2860 Anglit
499 2762 605 2836 miles
621 2761 769 2859 plebem
792 2761 1086 2835 tumultuantem
1102 2787 1181 2837 non
1200 2787 1263 2836 oo·

222 2892 379 2970 erueret,
398 2892 598 2980 antequam
613 2884 842 2980 praesetiptae
867 2909 890 2957 a
906 2883 1071 2981 Legibus
1094 2885 1264 2961 formulae

222 3007 383 3081 fuissent
399 3014 568 3079 servate.

274 3128 438 3204 Credent
453 3128 584 3225 procul
597 3126 710 3202 dubio
723 3126 883 3226 Europae
899 3128 1031 3203 ineolae
1044 3129 1108 3227 qui
1127 3156 1174 3204 ex
1186 3131 1265 3204 suis

261 3364 279 3397 ⁴
298 3364 395 3425 Semel
421 3363 539 3422 tuntum
561 3363 686 3442 legimus
706 3362 740 3422 in
761 3363 885 3424 historil
904 3363 1042 3438 Τιποίοῆ,
1067 3363 1124 3423 hoe
1150 3365 1265 3425 lucinus

220 3459 310 3518 fuisse
323 3463 523 3520 attentatum:
544 3456 623 3533 quod
635 3455 689 3533 qui
711 3456 875 3518 attentavit
888 3457 1061 3529 Summe,
1077 3457 1264 3518 Msuuunus

221 3552 290 3627 IV„
305 3550 411 3629 eapitis
423 3548 510 3628 poenl
521 3556 567 3608 est
585 3549 750 3608 damnatus
793 3549 986 3608 Indueisrum
1005 3556 1140 3628 tempore
1152 3550 1264 3609 bellum

220 3644 376 3704 renovavit
388 3643 528 3702 adversm
541 3641 705 3701 Auen-iam.
748 3641 830 3712 Quin
853 3649 885 3701 et
902 3663 998 3720 nuper
1016 3643 1072 3701 sub
1092 3661 1171 3702 novo
1183 3642 1264 3702 hisee

220 3736 402 3815 temporibus
414 3736 532 3813 ineepto
545 3735 656 3808 ordine,
670 3734 722 3794 ille
745 3754 785 3793 ex
807 3735 1048 3794 eoneionntorum
1074 3755 1198 3794 numero
1210 3736 1265 3813 qui

221 3828 478 3912 Constantinopoli
506 3827 682 3905 eloquentius
714 3826 794 3886 sumt
826 3834 858 3886 et
892 3827 1063 3891 auditorum
1097 3827 1264 3906 frequentin

219 3921 348 3980 maxime
370 3921 487 3999 gaudet,
508 3920 542 3979 in
564 3920 716 3999 Belgredii
739 3920 922 3980 deditionem
944 3928 990 3980 est
1011 3921 1156 3994 invectus,
1179 3920 1264 3999 qussi

220 4011 290 4070 fidei
312 4013 436 4090 prodite
456 4033 541 4072 reum
563 4014 654 4077 simul
673 4020 704 4074 et
724 4013 823 4094 legum
843 4020 1028 4092 spreturum:
1048 4015 1134 4076 nulle
1152 4013 1264 4074 etenim

219 4103 318 4163 fuerat
333 4104 421 4166 Fetus
432 4105 564 4168 obtentu
720 4132 722 4138 '
