2976 4784
719 293 766 367 38

229 495 309 595 ipse
328 493 423 568 situs
439 490 588 581 terrea*
608 492 807 591 praelongae
833 492 925 566 adeo
948 499 987 566 et
1004 491 1169 589 objectae,
1189 499 1272 566 tum

228 619 435 694 incolarum
444 617 588 691 indoles
604 615 761 690 nimiirm
777 617 978 704 infirmata,
998 641 1079 714 quae
1093 617 1272 692 finitimos

229 744 388 844 populos
406 742 454 816 ad
470 741 767 841 impugnandum
783 741 888 816 facile
906 741 1082 830 alliceret,
1099 741 1274 840 ipsasque

231 867 503 943 dominationes
529 891 679 965 pessum
707 867 797 941 dare
823 867 975 941 valeret.
1030 867 1124 941 Haec
1150 869 1274 942 omnia

231 995 354 1091 aliquo
379 993 491 1067 modo
517 992 557 1065 in
581 990 693 1067 causi
718 1016 801 1065 esse
824 991 1037 1090 potuissent
1049 1018 1058 1078 ;
1088 1000 1127 1065 at
1144 993 1275 1090 procul

231 1118 343 1193 dubio
373 1143 441 1218 per
475 1117 637 1206 Italiam,
666 1117 791 1205 Russi,
825 1116 1018 1192 Summum
1054 1117 1275 1192 Pontificem

232 1242 608 1319 intellexerunt-In
621 1240 744 1332 Italis,
763 1243 877 1340 Papa,
898 1242 997 1316 solus
1015 1243 1272 1340 appetebatur.

234 1370 335 1470 Ipse,
354 1371 402 1444 ab
419 1367 530 1442 Italib
546 1392 715 1456 exorsus,
734 1367 805 1442 Jus
824 1367 916 1442 Orbi
935 1362 1149 1442 Christiano
1166 1368 1274 1442 resti-

233 1504 339 1570 tuere
369 1519 497 1592 capax,
526 1494 692 1568 ordinem
718 1502 757 1568 et
782 1518 922 1590 pacem.
976 1493 1080 1590 Papa
1099 1492 1275 1567 Ecclesiae

235 1619 485 1696 Occidentalis
511 1624 570 1692 est
592 1616 726 1716 Caput,
752 1642 864 1715 quam
890 1617 978 1690 dum
1005 1642 1276 1716 concorporare

237 1746 385 1821 sevelle
411 1745 588 1818 simulant
611 1744 735 1832 Russi,
761 1750 928 1818 evertere
947 1744 1131 1817 laborant.
1168 1742 1277 1816 Italid

234 1870 479 1970 periclitante,
515 1894 592 1943 non
635 1869 760 1943 minus
806 1867 1113 1966 periclitabantur
1156 1869 1277 1967 plagae

238 1995 459 2084 Orientales,
505 1994 615 2068 simul
657 2019 743 2069 cum
799 1993 1123 2082 Occidentalibus;
1178 1995 1274 2092 peri-

230 2121 466 2195 clitabantur
490 2119 634 2208 Poloni,
666 2127 705 2193 et
731 2120 804 2218 ipsi
834 2120 960 2209 Russi,
979 2120 1080 2193 haud
1104 2119 1209 2195 secus
1233 2145 1277 2195 ac

237 2247 397 2344 Europae
416 2254 454 2319 et
471 2244 635 2319 Orientis
652 2244 794 2319 incolae.
830 2245 885 2320 Ut
903 2244 1107 2343 Supremus
1125 2247 1278 2319 tandem

239 2372 489 2469 attingeretur
515 2369 701 2458 Pontiferr,
731 2396 823 2444 ansa
852 2372 1081 2470 praeberetur
1107 2371 1138 2444 si
1165 2370 1278 2445 Italia

242 2497 454 2593 insurgeret
468 2503 600 2569 contra
612 2495 865 2571 dominatores
879 2521 981 2572 suos:
1002 2497 1144 2594 quodsi
1157 2496 1275 2583 fieret,

238 2628 451 2696 tentaretur
468 2619 585 2694 civilis
611 2627 780 2719 potestas
807 2622 986 2720 Episcopi
1008 2621 1178 2710 Romani,
1207 2646 1280 2719 quo

238 2745 398 2833 sublato,
411 2744 613 2842 spiritualis
624 2747 790 2844 ejusdem
801 2738 1003 2821 auctoritas
1014 2748 1117 2821 nullo
1128 2747 1279 2844 negotio

239 2877 489 2945 everteretur:
519 2872 565 2946 de
583 2872 821 2970 quiquidem
843 2875 1066 2948 auctoritate
1084 2872 1278 2972 spirituali,

239 3004 353 3095 prout
369 3021 471 3070 nunc
487 2996 543 3086 fit,
562 2997 749 3072 modicum
766 2998 924 3073 forsitan
942 2977 1124 3074 curabant
1140 2998 1278 3084 Russi3

238 3130 278 3196 at
307 3121 420 3221 probe
454 3124 741 3221 cognoscebant,
773 3125 869 3198 hanc
903 3132 1128 3222 potestatem
1163 3123 1281 3199 formd

233 3247 429 3346 judiciarii
456 3249 543 3323 olim
571 3250 774 3325 exercitum
800 3250 927 3339 fuisse,
946 3252 1000 3324 ita
1016 3258 1060 3324 ut
1076 3275 1153 3324 non
1170 3248 1280 3322 modo

238 3372 421 3447 Fidelium
462 3381 636 3471 tangeret
674 3374 932 3464 conscientias,
969 3378 1037 3450 sed
1074 3378 1186 3449 etiam
1219 3397 1280 3447 res

320 3602 337 3634 *
358 3604 388 3663 Il
401 3603 450 3662 bel
463 3624 549 3682 paese
589 3649 596 3664 .
640 3650 647 3665 .
690 3652 696 3666 .
740 3653 747 3667 .

354 3695 417 3754 Che
429 3695 614 3774 l'Appennin
626 3705 719 3776 parte,
734 3700 757 3759 il
771 3721 836 3771 mar
848 3703 985 3770 circonde.
998 3724 1015 3763 e
1027 3703 1136 3783 l'Alpe.

1095 3798 1201 3858 Durae.

724 3968 730 3983 .
774 3968 781 3983 .
824 3969 831 3985 .
875 3971 881 3986 .
904 3934 1072 4007 terramque
1084 3931 1201 3989 beatam

361 4013 459 4083 Quem
473 4032 554 4073 mare
567 4015 712 4092 dissoobt
727 4037 817 4095 quem
830 4021 922 4080 vastis
935 4024 1058 4100 rupibus
1071 4024 1184 4103 Alpes3

361 4106 421 4165 Per
432 4107 618 4186 medumque
627 4110 733 4190 jugum
747 4115 935 4190 protenditur
948 4116 1110 4194 Apennini.
