2976 4784
699 305 746 375 98

196 505 383 580 territorio
407 506 634 580 destitutum
651 505 800 579 cuidam
818 530 864 578 ex
881 506 1043 605 Eluropae
1060 506 1242 580 Potenta·

195 629 296 704 tibus
314 630 523 705 necessario
541 630 709 704 serviret.

247 755 351 828 Talia
367 756 548 829 hactenirs
576 755 644 828 uso
667 755 714 828 de
731 781 772 829 re
790 753 1065 829 Guberniorum
1088 756 1241 830 Protes-

195 881 357 951 tantium
375 904 485 953 sensa
501 879 665 953 fuerunt.
718 879 989 952 Autonomiam
1001 878 1241 952 Pontifioiam

195 1001 266 1075 sibi
299 1004 456 1077 maxime
490 1005 740 1078 necessariam
784 1027 931 1101 semper
974 1003 1239 1091 crediderimt3

198 1127 284 1222 quia
300 1128 475 1203 videlicet
491 1129 678 1215 Pontifex,
693 1127 836 1202 summt
848 1135 1039 1226 potestate
1055 1126 1241 1225 privatus,

196 1251 415 1325 Potentatui
432 1253 544 1325 alicui
562 1252 756 1326 Catholico
774 1252 880 1325 fieret
898 1252 1083 1340 subditus,
1102 1276 1241 1348 magno

195 1374 305 1473 hujus
335 1377 559 1450 Potentatds
585 1370 858 1451 emolumento:
886 1401 956 1450 neo
980 1377 1095 1451 refert
1111 1375 1242 1450 utrirm

196 1499 268 1573 hoc
280 1524 326 1574 ex
343 1510 499 1575 externo
516 1503 660 1575 influxu
678 1503 821 1574 oriatur
838 1501 879 1573 in
896 1500 1109 1588 electiones,
1127 1527 1176 1575 an
1194 1527 1242 1575 ex

197 1625 340 1700 directo
371 1627 564 1701 conamine
583 1627 856 1700 seditiosorum.
911 1625 1066 1723 Spectat
1083 1627 1130 1699 ad
1154 1627 1240 1714 hoc,

197 1752 297 1845 quod
314 1752 463 1850 Anglia,
479 1753 543 1825 ubi
560 1751 1048 1826 ann01799haudmodicis
1066 1751 1241 1850 expensis

197 1877 342 1950 curavit
359 1885 403 1949 ut
428 1878 587 1951 liberum
610 1878 810 1950 haberetur
828 1875 1101 1949 consistorium
1117 1875 1240 1951 Vene-

195 2001 347 2074 tiis-in
374 2002 526 2076 civitate
552 2003 673 2075 adhuc
699 2001 965 2076 libert-unde
989 2026 1129 2099 paucos
1150 2009 1242 2099 post

198 2152 316 2202 annos
347 2137 496 2202 tanturn
523 2130 734 2203 retulerunt
762 2129 835 2226 ipsi
861 2128 976 2225 Angli
1004 2127 1239 2217 beneficium,

198 2251 287 2323 dum
321 2252 513 2327 Pontificis
557 2252 669 2351 opert
712 2253 869 2327 decretis
911 2252 984 2325 illis
1018 2251 1240 2341 notissimis,

83 2400 86 2404 ⁴
197 2375 362 2450 Berolini
397 2377 506 2449 editis
530 2384 576 2457 ¹et
608 2377 822 2465 Mediolani,
851 2377 1096 2451 obstitissent.
1158 2377 1241 2452 Nec

198 2500 308 2572 aliam
351 2501 399 2572 ob
451 2524 602 2573 causam
651 2501 692 2572 in
735 2501 1013 2575 Constitutione
1055 2506 1241 2575 annorum

200 2623 750 2710 1814-15,00nsu1ueruntut
781 2623 870 2699 Sedi
896 2625 1076 2698 Romanae
1102 2623 1236 2699 Status

198 2756 237 2820 et
254 2746 406 2821 ditionis
423 2748 572 2846 integra
588 2748 696 2821 fieret
711 2750 911 2823 restitutio.

247 2872 404 2962 Pariter,
442 2898 527 2946 curn
563 2873 831 2949 concitationes
865 2876 904 2947 in
949 2875 1058 2948 Italis
1090 2873 1242 2948 initium

196 2999 389 3087 haberent,
403 3008 442 3072 et
460 2999 639 3075 Seditiosi
657 2999 932 3074 Guberniorum
941 2999 1242 3074 Protestantium

195 3126 337 3198 bonum
348 3124 418 3198 sibi
435 3125 600 3197 animum
618 3123 697 3198 fore
710 3126 984 3223 promitterent,
996 3123 1242 3196 Borussioum

167 3261 168 3265 ’
197 3251 371 3323 adierunt
398 3251 609 3347 Legatum:
637 3249 832 3348 respondit
867 3257 993 3322 autern
1027 3248 1241 3323 Bunsnulus

198 3382 221 3414 “
234 3398 297 3447 eos
309 3375 474 3470 graviter
485 3398 609 3447 errare
623 3372 686 3469 qui
698 3380 892 3471 sperarent
903 3399 925 3445 a
935 3371 1241 3446 Protestantibus

197 3495 394 3570 Guberniis
429 3497 594 3572 favorem
625 3506 780 3596 propter
810 3497 1015 3595 Religionis
1046 3497 1241 3570 diversita-

196 3619 313 3692 tem.''
367 3621 474 3695 Tunc
503 3648 546 3695 ea
574 3647 656 3719 quae
683 3623 793 3696 modo
815 3622 976 3695 diximus
994 3622 1132 3694 diserte
1151 3629 1243 3695 sunt

196 3743 364 3840 prolata:
383 3745 547 3838 negabat
558 3746 770 3818 Bunsnulus
789 3744 887 3818 cives
907 3769 995 3817 suos
1012 3745 1061 3817 iis
1069 3743 1242 3818 fauturos

195 3866 358 3940 consiliis
383 3867 484 3939 unde
510 3867 551 3939 id
579 3869 701 3941 solum
726 3867 807 3940 fieri
830 3876 971 3965 posset,
995 3876 1040 3940 ut
1065 3866 1242 3942 Pontifex

195 3991 342 4064 cuidam
377 4017 397 4065 e
433 3989 636 4065 Catholicis
673 3990 871 4065 Guberniis
911 3993 1083 4066 subditus
1117 3991 1240 4081 fieret,

194 4123 306 4213 atque
352 4117 443 4191 adeo
489 4115 754 4190 auctoritatem
797 4115 1004 4212 spiritalem
1038 4116 1094 4188 ita
1135 4140 1242 4190 exer·
