2976 4784
757 265 805 337 14

262 464 453 540 residuum
487 472 638 538 maneat
672 464 773 562 quod
804 463 937 538 stabile
968 464 1018 537 sit
1047 472 1086 538 et
1117 487 1302 554 securum,

262 615 311 663 ne
337 589 495 663 facultas
515 588 675 685 quidem,
696 613 806 685 quam
825 588 894 661 sibi
910 587 1102 661 vindicant
1126 589 1302 677 universi,

263 738 346 811 quae
386 712 536 786 libuerit
570 713 769 810 cogitandi.
848 713 941 785 Haec
980 735 1106 785 rerum
1141 713 1305 787 conditio

261 836 435 934 lacrymis
464 838 550 910 vere
579 837 759 922 deflenda,
779 860 825 908 ex
848 861 1023 932 perverso
1048 837 1203 932 loquelae
1232 862 1305 910 usu

263 986 372 1035 suum
399 962 502 1035 ducit
527 961 730 1047 exordium,
758 960 848 1032 dum
874 985 1004 1033 sensus
1030 962 1220 1034 vocabulis
1237 961 1302 1033 tri-

261 1087 429 1158 buuntur
460 1085 545 1158 falsi
578 1093 690 1182 atque
724 1083 912 1181 ambigui;
948 1083 1036 1156 hinc
1070 1084 1208 1156 effrena
1240 1085 1305 1158 illa

260 1209 375 1283 libido
410 1210 533 1283 omnia
575 1208 757 1295 diruendi,
803 1216 957 1305 propter
999 1208 1195 1304 gloriolam
1237 1210 1301 1282 do·

261 1333 516 1420 minatricem;
540 1363 542 1370 ·
565 1341 604 1407 et
654 1340 808 1430 propter
855 1332 1009 1405 nimiam
1051 1332 1224 1405 fiduciam
1263 1333 1303 1406 in

262 1484 305 1532 eo
324 1458 425 1531 omni
443 1459 541 1555 quod
567 1458 606 1529 in
631 1457 907 1553 nobismetipsis
933 1481 1016 1530 esse
1036 1456 1212 1553 fingimus
1229 1458 1303 1554 ipsi

261 1607 344 1670 nos,
369 1582 551 1680 quidquid
574 1608 651 1657 non
677 1581 749 1678 ipsi
776 1605 918 1670 sumus,
944 1582 1036 1655 satis
1064 1590 1188 1655 estut
1217 1583 1317 1675 odio

260 1707 454 1781 habeatur.

309 1831 364 1904 At
380 1831 593 1905 istiusmodi
608 1832 778 1905 homines
803 1856 880 1905 non
899 1831 1017 1905 solum
1035 1830 1120 1904 odio
1139 1831 1299 1928 quidem,

258 1981 390 2030 verum
419 1957 533 2030 etiam
563 1957 754 2055 despectui
783 1957 924 2030 habent
949 1957 1159 2043 veritatem,
1191 1981 1301 2052 quam

258 2080 448 2154 rarissimo
472 2105 563 2154 casu
590 2082 758 2167 audiunt,
787 2081 952 2153 auditam
977 2087 1172 2176 respuunt.
1226 2079 1300 2151 Ex·

259 2206 380 2302 omplo
391 2229 470 2277 rem
482 2204 720 2277 illustremus.
750 2205 923 2278 Amicum
938 2205 1087 2278 obvium
1098 2205 1299 2301 alloquens,

260 2327 353 2400 “Ea
380 2328 572 2424 sanguinis
599 2326 766 2414 effusi0‚’'
794 2329 950 2424 inquies,
983 2337 1104 2424 “quae
1138 2328 1176 2399 in
1203 2328 1300 2402 bello

259 2449 304 2521 fit
331 2449 411 2521 sine
439 2449 561 2535 causd,
580 2475 656 2523 non
684 2449 805 2523 minus
830 2450 1069 2527 homicidium
1088 2451 1159 2523 dici
1177 2452 1299 2539 debet,

259 2572 355 2646 acsi
383 2573 549 2647 latrones
571 2575 617 2646 'in
651 2575 852 2672 angiportu
873 2576 1048 2672 jugulent
1077 2575 1297 2649 viatorem.'’

261 2696 398 2772 Statim
414 2700 684 2795 respondetur:
707 2700 877 2773 “Procul
895 2700 1007 2772 dubio
1021 2708 1064 2772 tu
1082 2726 1128 2773 ex
1144 2701 1298 2786 Quocirc-

257 2823 402 2894 rorum*
416 2845 455 2895 es
466 2822 592 2919 grege,
605 2823 668 2919 qui
678 2823 761 2920 paci
774 2824 1035 2920 quoquomodo
1046 2823 1297 2922 astipuleris.’'

259 2946 385 3019 “Non
403 2945 511 3044 eg0,'’
530 2948 746 3045 respondes,
769 2948 851 3021 “de
876 2973 967 3045 pace
984 2948 1099 3021 verba
1115 2948 1197 3034 feci,
1217 2973 1299 3045 quse

256 3071 406 3144 nonnisi
436 3072 585 3168 sequela
619 3079 701 3145 est:
747 3072 813 3151 sed
847 3073 893 3145 de
936 3071 1072 3145 scelere
1107 3074 1207 3168 quod
1241 3081 1327 3145 est·

256 3220 380 3284 causa,
408 3221 555 3270 necnon
590 3197 635 3269 de
659 3195 819 3293 justitiis,
851 3221 933 3293 quae
969 3205 1027 3268 est
1054 3193 1296 3269 remedium.'’

257 3321 504 3395 “Mehercule
518 3319 557 3392 l''
572 3321 709 3408 subdit,
725 3330 749 3362 “
761 3321 898 3419 Ecquis
909 3321 999 3392 mihi
1004 3321 1149 3417 justum
1161 3320 1300 3394 bellum

254 3444 434 3518 indicabit
448 3443 493 3515 P''
538 3443 668 3517 Nescit
680 3444 803 3532 miser,
820 3469 858 3518 se
876 3445 1015 3518 crimen
1033 3468 1118 3517 erim
1136 3442 1300 3516 criminis

255 3567 448 3672 punitione
465 3567 726 3657 commiscere;
754 3594 860 3644 reum
877 3593 945 3667 pro
958 3568 1085 3666 judice
1099 3568 1214 3658 sistit,
1229 3592 1299 3666 pro

254 3715 321 3766 reow
330 3690 508 3787 judicem.

295 3879 314 3917 Ψ
335 3878 485 3949 Quackeri
497 3886 577 3939 secta
589 3888 661 3940 sunt
674 3882 918 3956 Proteetantium‚
928 3882 977 3941 cui
987 3882 1040 3960 qui
1053 3901 1161 3940 nomen
1174 3879 1298 3952 dederit,

253 3976 324 4028 voto
337 3992 368 4030 se
382 3972 522 4053 astringit
535 3995 566 4035 se
579 3996 734 4054 nunquam
754 3977 833 4036 bello
853 3976 981 4055 gerendo
1003 3993 1176 4036 eonsensum
1189 3972 1301 4053 prasti-

253 4069 363 4126 turum.
