2976 4784
724 289 770 360 79

222 487 445 582 respondere
462 495 618 584 possent
635 486 700 582 qui
717 486 787 559 sibi
802 487 875 560 hoc
891 488 1125 585 privilegium
1143 489 1264 562 conoi-

222 608 376 682 lidssent
393 608 561 706 ipsorum
579 609 750 683 subditos
772 610 930 707 cogendi
946 618 990 681 ut
1003 611 1123 709 Leges
1140 620 1264 684 trans-

222 733 452 830 grediantur.
491 734 546 805 At
562 759 639 807 non
655 735 710 806 ita
726 735 866 807 factum
884 742 964 821 est3
992 736 1140 807 omninb
1158 735 1265 807 aliter

222 881 282 929 res
298 858 433 929 evenit.
473 856 600 928 Primo
617 857 753 930 etenim
766 858 952 930 Ministris
970 859 1193 953 permissum
1207 866 1266 930 est

222 989 267 1052 ut
283 981 461 1053 mandata
487 982 672 1068 emittant,
695 1007 772 1055 non
799 983 1131 1069 consentientibus,
1151 982 1265 1055 immo

222 1127 302 1175 rem
319 1104 579 1201 ignorantibus
605 1107 688 1193 illis,
708 1132 866 1203 quorum
891 1107 1056 1193 consilio,
1077 1080 1208 1180 saltem
1225 1107 1265 1178 in

222 1228 370 1324 Anglid,
397 1230 480 1303 Rex
504 1232 614 1303 debet
638 1231 705 1318 uti,
736 1232 881 1327 quoties
911 1232 956 1303 de
979 1231 1083 1304 Bello
1109 1239 1147 1303 et
1167 1230 1266 1302 Pace

222 1354 379 1449 quaestio
396 1356 571 1451 agitatur.

272 1476 428 1564 Deinde,
458 1479 504 1551 de
531 1479 676 1552 actibus
708 1480 785 1553 suis
813 1478 1014 1576 praeteritis
1039 1479 1265 1575 respondere
1300 1503 1304 1511 ·

221 1623 296 1670 non
318 1607 507 1686 tenentur,
531 1603 771 1698 quantumvis
787 1603 842 1673 illi
857 1602 1144 1698 reprehensione
1162 1601 1265 1696 digni

221 1720 373 1808 fuerint,
393 1732 431 1794 et
449 1725 640 1810 damnosi3
668 1751 744 1799 uno
761 1726 877 1820 igitur
898 1726 977 1796 ictu
993 1726 1138 1796 tollitur
1156 1748 1265 1796 omne

223 1845 381 1916 fraenum
411 1871 485 1941 quo
518 1847 698 1941 restringi
724 1854 853 1943 posset
880 1847 1044 1918 humana
1068 1846 1263 1942 fragilitas,

223 1970 362 2041 astutia
378 1970 438 2043 vel
455 1971 535 2057 ira;
563 1972 654 2043 dum
670 1971 898 2044 omnimodo
913 1969 1122 2042 alliciuntur
1138 1970 1263 2065 hujus-

222 2094 324 2166 modi
345 2094 514 2167 homines
542 2102 586 2166 ut
615 2095 715 2167 hisce
742 2094 977 2192 passionibus
1003 2093 1117 2165 libere
1143 2094 1264 2165 indul-

221 2224 337 2312 geant
368 2216 543 2304 infrenes
571 2243 655 2290 cum
690 2216 947 2291 committatur
981 2215 1074 2314 ipsis
1108 2216 1264 2289 infrenis

221 2341 437 2428 auctoritas
469 2342 640 2438 ingentes
675 2341 841 2438 pecuniae
876 2366 1039 2414 summas
1068 2341 1266 2438 vectigalia

222 2467 474 2564 suppeditent,
490 2493 647 2564 quarum
661 2467 779 2540 facilis
793 2475 852 2540 est
870 2467 1063 2541 conversio
1081 2466 1121 2538 in
1139 2467 1264 2564 copias

219 2593 408 2666 militares

270 2717 401 2813 Neque
418 2714 508 2790 verb
526 2719 572 2789 de
593 2743 638 2791 eo
664 2715 783 2791 sobim
805 2718 1006 2814 querimur,
1026 2718 1124 2813 qubd
1142 2716 1263 2790 omnis

221 2838 399 2933 cogitatio
432 2840 624 2913 evanuerit
659 2841 705 2913 de
738 2843 859 2937 poenis
894 2842 1084 2914 sumendis
1119 2842 1263 2938 quoties

222 2960 418 3056 deliquerit
444 2961 575 3056 aliquis
602 2987 622 3033 e
647 2963 908 3036 Ministrorum
930 2988 1084 3036 numero
1096 2990 1106 3049 ;
1134 2965 1264 3035 verbm

219 3083 334 3156 etiam
345 3083 558 3178 hujusmodi
574 3085 767 3181 neglectus
784 3109 854 3181 pro
867 3085 1051 3181 principio
1063 3085 1263 3170 stabilitur,

222 3207 268 3279 de
296 3230 369 3301 quo
398 3214 579 3302 praeterea
605 3207 676 3279 sibi
702 3207 862 3280 invicem
887 3208 1125 3304 gratulantur
1152 3207 1264 3302 hujus

220 3329 399 3426 temporis
433 3329 615 3416 homines,
652 3330 757 3427 quasi
790 3331 883 3428 ipsis
916 3329 1052 3403 honori
1085 3337 1185 3402 esset
1219 3337 1264 3402 ut

221 3455 354 3528 exinde
391 3479 414 3526 a
454 3454 654 3549 praeteritis
692 3455 937 3552 temporibus,
980 3453 1265 3550 hominibusque

219 3578 378 3651 vetustis
409 3578 720 3651 discernerentur.
773 3579 857 3652 Hoc
885 3580 997 3676 juxta
1026 3577 1263 3674 principium,

222 3709 245 3740 “
266 3701 553 3774 Criminationes
596 3701 758 3799 politicae
790 3700 1070 3776 cessaverunt.”
1140 3701 1263 3774 Debet

221 3826 361 3898 scilicet
394 3827 555 3899 existere
585 3826 792 3923 Collegium
833 3827 1020 3924 quoddam
1054 3825 1260 3912 hominum,

222 3950 284 4044 qui
304 3951 536 4025 malefacere
561 3950 709 4049 impune
734 3952 891 4049 possint,
911 3952 997 4025 licet
1022 3975 1099 4023 non
1115 3974 1183 4046 pro
1208 3974 1263 4023 se·

219 4073 311 4168 ipsis
329 4084 445 4170 agant
462 4101 530 4150 neo
547 4102 615 4174 per
633 4077 788 4175 seipsos,
809 4077 874 4150 sed
899 4083 1087 4174 potestate
1105 4074 1263 4170 quddam
