2976 4784
703 270 750 341 32

208 467 320 540 Turci
346 491 386 540 se
412 491 554 539 morem
583 474 756 563 gesturos
782 473 976 562 negarent,
996 465 1117 538 foedus
1134 465 1251 538 ictum

45 695 49 702 .
158 655 160 659 Α
208 599 266 664 est
285 593 431 688 Anglos
448 591 559 678 inter,
586 590 725 678 GalloS,
749 599 787 664 et
812 591 968 678 Russos,
995 598 1039 662 ut
1067 590 1250 663 consertis

207 718 378 790 manibus
421 717 497 791 vim
541 717 672 790 Turcis
720 717 911 788 inferrent.
981 715 1066 789 Hoc
1112 715 1251 797 foedere

208 849 360 913 cautum
387 849 457 928 est,
493 850 536 913 ut
570 842 616 914 iis
652 841 715 937 qui
745 839 1018 913 Guberniorum
1051 864 1251 937 personam

207 975 394 1063 gererent,
414 966 459 1039 de
477 967 592 1063 copiis
611 966 724 1038 libere
751 966 947 1062 disponere
973 964 1112 1037 liceret.
1165 964 1250 1037 Hoc

206 1090 324 1187 igitur
341 1091 476 1176 foedus,
501 1115 577 1162 non
609 1091 807 1163 conventio
838 1090 952 1174 utilis,
982 1089 1048 1161 sed
1074 1089 1250 1185 probrum

206 1213 331 1310 potius
358 1221 416 1286 est
442 1214 650 1298 dicendum,
670 1221 709 1285 et
731 1213 891 1285 infamia.
944 1212 1018 1285 Per
1041 1212 1112 1284 hoc
1129 1212 1250 1284 foedus

207 1365 253 1413 ex
288 1339 406 1411 tribus
447 1339 645 1413 Guberuiis
689 1339 954 1435 compartibus,
998 1338 1144 1434 singula
1173 1338 1250 1434 juri

206 1463 470 1535 renuntiarunt
486 1473 600 1559 prout
617 1464 766 1535 libuerit
784 1463 944 1559 agendi3
964 1463 1010 1534 ab
1028 1486 1249 1558 unoquoque

208 1587 397 1662 Gubernio
424 1590 626 1661 auctoritas
654 1589 773 1662 omnis
799 1589 838 1660 in
865 1613 952 1660 suos
976 1596 1247 1684 procuratores,

206 1714 434 1787 unanimiter
476 1722 643 1810 agentes,
680 1722 739 1786 est
781 1714 953 1810 abjecta:
991 1713 1130 1786 relictae
1161 1720 1250 1785 sunt

121 1892 126 1899 .
204 1863 338 1933 nempe
367 1839 482 1935 copiae
520 1839 559 1910 in
599 1837 771 1910 manibus
815 1839 893 1935 ejus
922 1837 1033 1910 unius
1065 1837 1127 1933 qui
1155 1837 1249 1910 forte

206 1963 349 2034 caeteris
402 1961 605 2035 calliditate
657 1971 849 2058 praeesset.
928 1959 1075 2031 Exinde
1129 1961 1248 2034 caedes

205 2086 486 2173 Navarinensis‚
532 2094 570 2158 et
622 2086 753 2158 classis
800 2086 1006 2157 Turcarum
1049 2084 1246 2170 demersa3

205 2212 419 2284 eorumdem
437 2210 570 2282 deinde
587 2210 680 2282 fines
699 2235 721 2281 a
738 2209 868 2282 Russis
887 2207 1076 2306 populati3
1096 2207 1248 2303 Legatis

205 2337 417 2431 Anglorum
436 2334 545 2407 simul
563 2341 601 2405 et
620 2331 810 2405 Gallorum
836 2333 965 2406 urbem
985 2331 1247 2405 Constantino·

204 2459 409 2556 politanam
445 2457 763 2552 relinquentibus:
791 2458 845 2529 ita
872 2467 917 2529 ut
944 2482 967 2528 a
991 2457 1112 2528 tribus
1139 2456 1248 2529 simul

204 2581 433 2678 principibus
462 2589 593 2652 contra
621 2605 738 2651 unum
776 2580 981 2676 Imperium
1018 2582 1156 2654 bellum
1190 2588 1248 2653 est

204 2714 365 2803 gestum,
387 2711 551 2802 ‘quorum
578 2705 651 2778 duo
680 2706 750 2779 hoo
780 2706 904 2803 ipsum
932 2706 1135 2803 Imperium
1162 2730 1246 2803 pro-

204 2831 406 2928 tegendum
433 2839 683 2926 susceperant.

254 2954 348 3027 Haec
366 2955 476 3041 inter,
496 2953 660 3053 AEgypti
685 2955 900 3029 moderator
922 2957 971 3028 ad
995 2955 1245 3042 rebellionem,

204 3081 251 3153 ab
267 3080 401 3174 Anglis
425 3078 599 3176 primum,
619 3080 752 3153 deinde
771 3106 793 3152 a
811 3078 926 3152 Gallis
944 3080 1040 3152 clam
1056 3080 1245 3168 incitatus,

205 3204 319 3278 semel
361 3212 475 3300 atque
517 3204 652 3276 iterum
696 3212 827 3291 contra
862 3189 1003 3277 Turcas
1038 3204 1246 3277 desciscens

203 3328 416 3414 insurrexit,
432 3326 513 3400 totd
524 3328 756 3424 periclitante
768 3328 927 3424 Europd.
980 3328 1100 3401 Annis
1119 3328 1246 3401 decem

202 3453 242 3523 in
267 3450 411 3524 summd
434 3451 597 3546 peractis
622 3452 851 3538 confusione,
879 3478 926 3524 ex
947 3452 1049 3526 hisce
1078 3452 1245 3548 negotia-

202 3575 368 3647 tionibus
395 3575 580 3670 rebusque
609 3577 725 3671 gestis
754 3576 893 3662 exorta,
931 3575 1056 3650 Gallos
1083 3577 1182 3650 inter
1208 3583 1247 3649 et

202 3697 360 3792 Anglos,
383 3698 483 3793 quod
507 3697 555 3768 ad
579 3696 794 3795 AEgyptum
821 3700 1026 3796 spectabat,
1050 3709 1163 3798 rupta
1188 3706 1247 3773 est

203 3820 376 3894 amicitia.
429 3820 489 3892 Ex
505 3821 694 3918 Petropoli
712 3824 814 3896 venit
831 3824 951 3896 foedus
969 3825 1167 3920 quoddam,
1187 3824 1246 3897 cui

202 3944 330 4040 Angli,
369 3943 480 4017 simul
523 3969 608 4018 cum
650 3946 859 4023 Austriacis
901 3949 1118 4045 Russisque‚
1159 3973 1245 4023 con-

204 4093 354 4143 sensum
389 4069 647 4166 praestiterunt
659 4097 669 4158 ;
715 4073 815 4169 quod
848 4097 934 4146 cum
968 4071 1084 4148 Gallis
1118 4073 1245 4149 insciis
