2976 4784
701 302 748 372 90

209 500 424 588 Catholicis,
449 498 672 574 inconsultis
699 496 970 585 Cardinalibus,
989 507 1028 572 et
1047 498 1251 573 Academia

210 626 324 701 Sacra
357 624 535 699 Romania.
605 622 678 714 Qui
718 623 837 720 majus
874 623 1065 722 praestitit,
1099 622 1252 698 vetusti

206 747 419 847 posthabiti
460 748 740 835 consuetudine,
779 746 924 821 minora
965 747 1095 845 procul
1137 747 1251 822 dubio

207 874 437 948 constituere
453 873 593 947 valebit
611 873 691 946 sine
710 871 864 946 Consilii
879 874 1105 947 interventu.

259 998 306 1071 Id
325 997 456 1071 deinde
474 998 572 1094 quod
592 998 764 1094 quintum
790 1004 829 1070 ot
854 997 1028 1070 ultimum
1044 999 1168 1072 locum
1184 998 1250 1071 cb·
1354 1025 1358 1030 ·

208 1121 318 1208 tinet,
355 1123 402 1195 dc
442 1120 701 1195 Relationibus
740 1121 947 1195 Ecclesiam
982 1121 1082 1194 inter
1118 1129 1157 1195 et
1189 1146 1251 1196 res

209 1244 399 1332 Politicas,
419 1245 508 1342 quid
533 1245 605 1318 hoc
632 1243 704 1318 sibi
720 1244 823 1331 velit,
843 1244 999 1318 difficilis
1025 1253 1084 1319 cst
1107 1245 1251 1343 conjec-

209 1376 306 1441 tura.
360 1369 446 1442 Hoc
472 1377 597 1442 autem
622 1394 691 1466 pro
717 1376 821 1442 certo
846 1368 1037 1457 habemus,
1068 1369 1251 1465 siquidem

211 1492 368 1589 quaestio
393 1500 638 1590 proponatur,
660 1493 753 1565 nihil
778 1493 921 1566 definiti
946 1492 1025 1568 fore
1050 1502 1251 1592 proventu·

208 1642 304 1690 rum.
342 1617 583 1714 Consequens
596 1618 713 1715 igitur
730 1618 892 1691 estnihil
908 1618 948 1691 in
960 1617 1029 1692 hac
1045 1628 1152 1717 parte
1164 1620 1249 1693 reli-

212 1768 326 1839 quum
338 1768 420 1825 csse
433 1744 533 1840 quod
547 1769 569 1816 a
582 1742 746 1816 Concilio
763 1750 975 1841 praestetur,
994 1751 1038 1816 ut
1054 1743 1252 1840 prohibeat

215 1866 270 1964 (id
285 1868 384 1963 quod
397 1867 467 1940 sibi
479 1867 733 1964 praestitutum
745 1866 945 1964 habuerit)
959 1893 1006 1940 ne
1016 1868 1112 1941 forte
1124 1867 1252 1943 Civilis

210 1992 404 2066 hominum
424 1991 591 2066 Societas
608 1992 649 2064 in
666 1994 857 2091 pulverem
874 1995 1084 2066 reducatur.

261 2115 356 2189 Cum
373 2115 493 2214 primo
521 2115 728 2189 Concilium
754 2110 1016 2190 denuntiatum
1034 2125 1103 2204 est,
1122 2116 1251 2191 Romae

208 2240 249 2312 in
280 2264 344 2314 ore
379 2240 547 2313 omnium
580 2241 653 2314 hoc
678 2241 889 2314 ferebatur:
924 2241 1132 2338 “Consulit
1154 2243 1249 2316 PON-

209 2385 313 2437 maur
342 2361 519 2450 Concilio,
551 2363 757 2460 Purpurati
790 2364 878 2438 veri>
911 2366 1044 2438 Patres
1075 2366 1250 2440 Dominio

211 2485 423 2584 Temporali
436 2485 484 2559 '’:
529 2487 809 2582 significabatur
833 2488 1005 2563 videlicet
1030 2490 1252 2565 Pontificem

210 2610 282 2684 aha
298 2610 554 2708 contemplari,
574 2610 645 2683 alia
671 2611 917 2708 Purpuratos.
970 2614 1110 2687 hlarum
1126 2640 1252 2690 rerum

210 2759 292 2832 quae
313 2735 488 2808 Pontifici
516 2743 606 2808 sunt
631 2735 735 2809 cordi
756 2737 908 2825 semina,
927 2740 1058 2838 procul
1081 2739 1193 2812 dubio
1211 2739 1252 2812 in

211 2868 236 2901 “
250 2860 505 2933 Anuocorronn
518 2858 540 2889 ’²
577 2859 822 2934 inveniuntur
857 2871 895 2936 et
931 2863 972 2934 in
1008 2869 1031 2902 “
1051 2862 1248 2937 Sannauo.”

211 2983 286 3059 Sed
320 2985 392 3058 alia
424 2993 581 3059 restant.
652 2986 766 3060 Latet
804 2986 1009 3061 certissime
1047 2997 1170 3062 metus
1203 3012 1251 3062 ne

210 3136 352 3186 novum
371 3111 558 3207 quoddam
578 3111 784 3209 periculum
801 3111 994 3186 immineat
1011 3113 1199 3187 Ecclesiae.

261 3233 481 3330 Quicunque
498 3234 662 3332 pericula
677 3235 837 3335 Europae
854 3236 1065 3309 minitantia
1084 3237 1250 3311 conside·
1374 3295 1377 3300 ,

207 3357 349 3446 strunt,
369 3385 416 3433 ex
437 3358 652 3432 turbatione
677 3359 922 3435 successionis
944 3361 1187 3435 haereditariae
1213 3370 1254 3436 et

210 3506 257 3555 ex
285 3483 497 3580 principum
526 3484 711 3582 prosapiis
745 3486 794 3558 ad
828 3485 987 3560 invicem
1014 3487 1251 3561 matrimonio

209 3592 406 3705 colligatis,
423 3609 631 3705 praesertim
649 3618 849 3708 postquam
864 3611 904 3683 in
915 3611 1035 3684 Dauid
1052 3620 1091 3685 et
1109 3611 1253 3686 Graecia

210 3754 328 3805 novus
340 3739 506 3805 statutus
518 3741 576 3806 cst
590 3735 836 3810 successionis
855 3735 1069 3822 ord03-hi‚
1084 3735 1250 3831 inquam,

208 3856 249 3928 in
273 3855 336 3930 illo
362 3856 437 3930 fere
462 3883 538 3932 uno
565 3860 741 3932 solatium
764 3860 1001 3946 invenerunt,
1024 3858 1249 3933 Pourrmcun

207 3997 278 4054 nec
289 3981 374 4077 jure
391 3982 570 4056 constitui
592 3983 829 4070 hereditario,
847 4006 918 4055 nec
940 3991 1152 4081 compotem
1170 4008 1252 4060 esse
1372 4052 1376 4057 .

195 4105 435 4179 matrimonii
451 4106 614 4180 ineundi.
