2976 4784
705 293 756 364 47·

219 514 343 563 rerum
373 491 534 578 ordines,
563 489 664 561 haud
692 489 746 560 illi
776 486 990 562 dissimilem
1026 513 1134 585 quem
1159 488 1257 580 olim

222 610 423 703 Gemellus,
458 614 563 688 brevi
605 637 774 687 sermone
815 613 1009 686 historiam
1051 612 1258 684 Romanam

221 739 482 834 complectens,
506 738 620 833 finem
654 737 746 831 aqut
771 737 870 831 juris
905 734 1117 832 appellavit.
1182 733 1257 808 Hic

221 861 358 932 etenim
375 873 433 932 est
449 860 575 932 videre
593 858 664 955 qud
680 859 824 932 ratione
841 857 1073 955 Respublica
1090 856 1256 930 Minores

221 983 322 1056 hisce
335 983 474 1056 ultimis
488 983 716 1080 temporibus
734 983 872 1056 fuerint
885 983 1083 1078 absorptae,
1098 987 1137 1054 et
1149 980 1258 1053 simul

224 1132 290 1180 our
307 1106 349 1180 eb
366 1129 483 1204 usque
501 1106 716 1181 duraverint
733 1107 822 1204 quin
838 1104 940 1203 prius
959 1100 1257 1178 absorberentur.

224 1225 377 1317 Quoties
404 1229 547 1304 facinus
573 1230 732 1327 aliquod,
752 1229 923 1302 omnibus
949 1228 1159 1301 hominibus
1180 1228 1258 1302 odi-

223 1352 306 1439 bile,
325 1354 549 1451 impunitum
566 1354 722 1429 evadere
739 1353 981 1450 permittitur,
999 1360 1091 1425 tuno
1117 1352 1258 1426 scilicet

224 1476 268 1548 fit
285 1476 470 1573 frequens,
495 1487 534 1552 et
563 1479 653 1550 dum
678 1477 947 1574 frequentetur,
975 1496 1113 1551 novum
1138 1475 1260 1548 induit

225 1596 488 1672 characterem.
535 1600 647 1672 Itare
664 1598 805 1672 factum
821 1600 1001 1673 videmus.
1048 1599 1142 1671 Oum
1160 1597 1259 1672 enim

226 1721 452 1813 praedatores
464 1745 486 1792 a
497 1720 712 1793 constitutis
730 1721 894 1817 imperiis
905 1721 1016 1816 vulgb
1030 1722 1078 1793 ad
1089 1721 1259 1816 praedan-

226 1841 316 1913 dum
332 1841 542 1927 mittantur,
563 1841 730 1937 sequitur
745 1849 790 1913 ut
813 1867 836 1914 a
859 1841 1068 1937 semetipsis
1087 1841 1259 1937 deinceps

225 1961 376 2059 proprio
395 1962 630 2035 stabiliantur
646 1962 808 2050 nomine,
820 1971 859 2035 et
876 1964 924 2035 ad
937 1988 1049 2036 unam
1060 1963 1261 2036 alteramve

226 2094 377 2183 gentem
411 2085 697 2182 aggrediendam
734 2085 966 2160 conveniant.
1031 2085 1147 2158 Porro
1177 2110 1262 2159 cum

225 2210 367 2307 priores
384 2209 595 2305 hujusmodi
613 2216 768 2283 conatus
791 2209 912 2306 poenis
928 2232 1005 2281 non
1021 2208 1159 2282 fuerint
1177 2209 1262 2283 sub·

219 2334 323 2430 jecti,
342 2333 568 2429 posteriores
596 2332 731 2406 deinde
762 2333 873 2406 simili
901 2334 1120 2430 gaudebunt
1142 2335 1265 2430 impu·

224 2458 367 2543 nitate,
411 2457 510 2530 unde
551 2457 594 2529 fit
636 2463 680 2529 ut
712 2458 931 2553 praedonum
972 2456 1162 2530 molimina
1196 2481 1264 2554 pro

224 2581 364 2653 usitato
393 2605 518 2653 rerum
546 2588 649 2653 statu
678 2579 909 2666 habeantur;
937 2604 980 2653 ac
1011 2604 1076 2677 spe
1106 2580 1263 2678 impuni-

225 2703 316 2776 tatis
329 2702 485 2790 induoti,
500 2704 549 2775 ad
566 2702 725 2775 nefarios
739 2711 896 2776 conatus
908 2712 1071 2800 aguntur
1083 2703 1264 2791 homines,

160 2844 162 2848 ’
225 2832 306 2896 tum
325 2824 501 2897 adversus
521 2823 715 2898 Summum
740 2832 821 2896 tum
845 2824 1025 2899 adversus
1043 2825 1266 2898 Poummenn

225 2947 435 3032 Mnmnun;
463 2946 563 3018 haud
582 2949 686 3020 secus
704 2972 747 3019 ac
771 2948 900 3020 eadem
919 2972 1002 3043 spes
1021 2948 1123 3020 falsis
1140 2973 1265 3020 mone-

226 3070 332 3143 tariis
350 3071 516 3141 animum
534 3070 697 3142 adderet.
750 3069 883 3157 Immo,
898 3071 951 3140 illi
968 3070 1160 3166 Principes
1173 3094 1266 3165 quos

228 3202 360 3270 contra
376 3193 419 3264 fit
437 3194 640 3288 aggressio,
659 3218 744 3266 cum
769 3193 999 3291 principatds
1021 3194 1108 3290 jura
1133 3192 1201 3266 hec
1227 3193 1267 3264 in

226 3344 267 3392 re
285 3343 359 3391 non
377 3323 584 3401 exerceant,
604 3316 769 3413 profecto
782 3324 820 3389 et
836 3317 909 3412 ipsi
925 3317 964 3388 in
981 3314 1051 3389 hac
1067 3315 1268 3387 universali

226 3468 350 3517 rerum
381 3440 571 3515 eversione
597 3439 797 3536 participes
828 3438 933 3511 fiunt.
987 3438 1040 3510 Hi
1073 3439 1160 3511 verb
1189 3462 1267 3512 non
1309 3507 1313 3512 .

227 3564 416 3637 ducuntur
431 3562 471 3634 in
488 3562 591 3658 pejus
617 3586 683 3657 per
699 3561 905 3658 passiones,
924 3587 1044 3658 neque
1067 3560 1266 3636 utilitatem
1404 3559 1406 3562 ’

226 3687 370 3773 exinde,
389 3711 436 3758 ne
465 3692 706 3782 apparentem
735 3685 895 3781 quidem,
915 3710 1066 3782 sperare
1093 3695 1265 3783 possunt.

226 3810 367 3883 Debilis
383 3808 500 3905 igitur
517 3808 662 3881 animus
687 3809 727 3880 in
745 3807 855 3882 oaust
876 3816 954 3896 est3
982 3817 1176 3906 peccatum
1194 3810 1266 3902 uti-

226 3958 297 4028 que
316 3933 481 4006 omnium
498 3932 701 4004 maximum
725 3932 766 4004 in
790 3932 836 4006 iis
864 3933 928 4029 qui
944 3932 1083 4006 vicarit
1099 3933 1267 4028 gaudent

228 4055 459 4128 auctoritate.
512 4056 613 4130 Huic
648 4056 746 4130 certe
780 4055 926 4153 ingenti
954 4056 1051 4130 malo
1080 4057 1140 4131 vel
1169 4079 1267 4128 unus
