2976 4784
682 280 729 350 96

189 481 335 556 Turciae
361 480 611 578 Imperatores
639 478 842 574 spiritalem
868 485 1045 552 exercent
1070 479 1231 552 auctori-

188 614 318 693 tatem,
338 605 384 677 de
396 629 554 701 quorum
565 611 692 676 tamen
708 602 1166 699 “TemporaliDominio’'
1181 630 1232 679 ne

188 730 344 802 verbum
359 727 506 824 quidem
520 725 719 824 profertur.
757 726 839 799 Rex
856 725 969 799 etiam
987 726 1175 800 Borussiae
1193 736 1233 801 et

188 853 335 949 Angliae
352 852 497 949 Regina
520 853 566 924 de
585 851 852 948 temporalibus
879 850 1085 948 disponunt
1102 851 1231 925 111010-

190 977 328 1049 siarum
345 976 383 1049 N
384 975 614 1049 ationalium.

239 1098 434 1190 Quocirca,
468 1099 499 1172 si
530 1099 689 1197 speciale
717 1099 905 1195 quoddam
935 1123 1071 1173 nomon
1101 1099 1229 1173 Domi·

188 1224 295 1297 natui
320 1224 529 1312 Pontificio,
557 1223 707 1296 minime
733 1231 858 1297 autem
883 1224 1017 1297 ceteris
1038 1225 1228 1315 tribuitur,

188 1351 281 1423 latet
291 1348 457 1447 profectb
468 1373 605 1446 pravus
619 1349 716 1421 finis.
746 1347 953 1422 Consilium
964 1348 1063 1422 enim
1075 1357 1133 1423 est
1142 1349 1228 1438 illis,

192 1473 281 1571 (quo
299 1473 473 1547 Pontifex
483 1473 689 1546 Dominatu
701 1473 844 1546 facilids
862 1472 1057 1570 spolietur)
1070 1474 1226 1546 homini·

188 1601 259 1673 bus
269 1600 506 1698 persuadere,
518 1599 623 1671 illum
635 1624 657 1671 a
672 1599 805 1672 ceteris
816 1598 1079 1672 Potentatibus
1090 1599 1229 1695 aliqua·

188 1725 299 1797 tenus
318 1723 549 1797 distinctum.
603 1723 727 1811 Unde,
743 1724 789 1795 de
801 1722 873 1796 hoc
891 1747 980 1795 casu
991 1730 1229 1819 argumenta·

188 1847 284 1921 tioni
301 1847 362 1921 via
378 1849 522 1945 patebit
540 1873 586 1920 ex
602 1846 854 1919 fundamentis
873 1871 1021 1919 omnem
1038 1848 1230 1921 notionem

189 1972 216 2045 J
217 1973 355 2046 ustitiae
373 1972 666 2059 excludentibus,
683 1979 794 2067 atque
811 1971 865 2043 ita
878 1971 954 2057 fiet,
967 1978 1011 2042 ut
1028 1971 1091 2067 qui
1107 1971 1229 2069 primo

190 2098 321 2170 auditu
337 2106 519 2194 negarent
546 2122 585 2170 se
610 2098 783 2193 Regnum
804 2122 826 2170 a
843 2094 987 2193 Reginis
1004 2096 1152 2192 Angliae
1169 2099 1230 2172 vel

189 2249 212 2296 a
230 2249 320 2319 rege
337 2223 540 2296 Lusitaniae
564 2223 767 2309 ablaturos,
788 2229 826 2295 et
841 2222 995 2295 Vrcronr
1005 2221 1231 2296 Enitendum

191 2348 359 2433 daturos,
379 2348 421 2418 eb
447 2346 547 2442 quod
573 2345 653 2419 haec
670 2346 889 2419 Auctoritas
907 2353 967 2418 est
985 2346 1227 2443 Temporalis,

188 2469 304 2542 nihilo
330 2469 452 2541 minus
477 2470 549 2542 hoc
574 2451 807 2567 propositum
833 2470 956 2557 iidem,
977 2496 1020 2544 eo
1046 2472 1230 2569 praecipue

188 2593 311 2678 titulo,
331 2600 370 2664 et
401 2592 616 2690 exciperent
641 2593 751 2666 simul
767 2601 807 2667 et
831 2603 1021 2692 urgerent,
1041 2597 1169 2670 statim
1186 2621 1231 2671 ac

190 2719 236 2790 de
254 2716 435 2790 Pontifice
453 2726 665 2791 moveretur
683 2720 851 2814 quaestio
1231 2716 1233 2721 ’

241 2841 362 2915 Immo
374 2842 529 2915 ulterius
543 2844 838 2941 progredientur,
855 2845 1042 2919 dicentes:
1072 2844 1230 2919 “Nobis

192 2966 464 3064 “propositum
488 2952 547 3039 est
570 2967 752 3065 prosapiae
772 2966 987 3042 Sabaudicae
1005 2969 1231 3042 dare-licet

191 3093 518 3189 “haudquaquam
536 3093 584 3165 ad
601 3117 670 3166 nos
682 3093 1086 3190 pertinentes—agros,
1105 3094 1229 3181 urbes,

191 3225 215 3256 “
231 3225 269 3290 et
295 3218 459 3304 castella,
487 3216 680 3289 Pontificis
704 3218 974 3303 haereditatem,
998 3217 1105 3315 (nihil
1131 3218 1231 3292 enim

191 3349 214 3381 ‘⁶
229 3342 331 3414 aliud
365 3338 595 3435 intendunt)
628 3349 672 3413 ut
707 3341 760 3414 sic
793 3341 999 3415 Ecclesiam
1023 3341 1244 3455 Romanam*

191 3472 367 3560 “magno
399 3465 600 3538 afficiamus
634 3466 825 3540 beneficio.
879 3466 990 3540 Hanc
1024 3465 1232 3539 Ecclesiam

190 3588 421 3660 “meliorem
446 3589 604 3663 reddere
626 3591 795 3687 cupimus
824 3598 862 3663 et
884 3592 1095 3689 puriorem;
1123 3616 1231 3663 mun-

190 3711 357 3782 “datam
383 3712 429 3784 ab
457 3713 558 3785 omni
584 3715 666 3786 labe
693 3715 880 3802 saecular13
908 3723 1101 3812 totamque
1125 3715 1232 3812 spiri·

190 3841 214 3872 “
228 3833 353 3907 talem.
409 3835 502 3908 Haec
528 3845 655 3908 autern
681 3837 826 3933 agimus
845 3864 891 3910 ex
909 3864 1033 3912 amore
1050 3837 1230 3929 Justitiae,

190 3964 214 3996 “
224 3956 333 4054 juxta
350 3982 393 4030 ac
411 3958 528 4055 ipsius
546 3959 751 4057 Religionis
767 3960 1027 4036 Christianae.''

238 4079 364 4177 'Atque
380 4082 435 4156 ita
452 4083 598 4157 eveniet
615 4092 659 4157 ut
680 4084 720 4156 hi
741 4085 927 4183 simplices
953 4085 1135 4173 homines,
1153 4085 1230 4160 for·

1462 39 1481 543 l
