2976 4784
696 295 744 366 64

208 494 363 569 aliorum
387 496 470 569 loco
500 493 667 568 adhiberi
692 501 865 592 possunt,
883 493 998 568 immo
1027 503 1066 569 et
1092 495 1250 570 fuerunt

206 620 389 695 adhibiti:
428 627 468 693 at
501 619 706 715 periculum
741 621 849 693 adest
884 644 932 692 ne
962 620 1112 694 termini
1138 622 1246 695 nobis

204 743 421 840 imponant;
447 743 513 816 ubi
554 742 727 817 videlicet
768 743 917 816 illorum
952 767 1022 841 ope
1056 752 1244 819 struamus
1386 763 1388 771 '

205 866 451 964 cogitationes
468 875 630 954 nostras,
649 868 709 940 vel
735 892 780 941 ex
805 867 878 940 illis
895 866 985 965 quid
1003 868 1243 965 cogitandum

205 991 255 1065 sit
272 991 511 1079 deducamus,
530 993 621 1064 dum
645 992 755 1065 simul
785 992 1094 1090 significationem
1117 993 1157 1066 in
1174 994 1247 1068 illis

205 1115 369 1188 invenire
388 1117 593 1188 credamus,

256 1240 473 1313 Debuerant
484 1241 632 1338 quidem
644 1240 697 1312 illi
715 1241 778 1338 qui
789 1241 999 1338 juventutis
1009 1241 1247 1316 instituendae

207 1390 335 1439 curam
348 1373 602 1463 susceperunt,
618 1367 814 1462 prohibere
824 1391 872 1440 ne
884 1367 1054 1465 discipuli
1066 1367 1246 1441 terminos

205 1498 432 1588 usurparent
456 1516 574 1588 vagos
600 1515 666 1564 seu
692 1516 805 1564 sensu
835 1500 1029 1578 carentes3
1066 1492 1120 1564 ita
1144 1491 1246 1566 falsis

207 1615 451 1690 occlusissent
480 1616 572 1689 ideis
598 1616 822 1713 ingressum,
850 1616 983 1713 quibus
1009 1615 1144 1689 horum
1169 1623 1244 1689 ter-

206 1741 392 1814 minorum
410 1740 604 1838 explicatio
617 1741 820 1838 praestabat
833 1741 986 1814 aditum.
1023 1740 1107 1814 Hoc
1120 1749 1246 1814 autem

205 1863 259 1936 illi
281 1874 460 1962 praestare
478 1865 707 1939 omiserunt:
737 1864 908 1963 quocirca
931 1864 1003 1937 hoc
1024 1863 1244 1938 beneficium

206 1989 398 2062 maturiori
416 1989 519 2062 aetati
536 1989 582 2062 ab
601 1989 767 2062 Ecclesia
791 1988 1056 2063 conferendum
1073 1996 1144 2061 est.

257 2112 362 2210 Opus
379 2112 537 2186 forsitan
564 2113 708 2187 difficile
724 2138 802 2187 non
827 2112 1011 2186 immerito
1033 2112 1244 2201 videbitur3

206 2247 246 2311 at
263 2238 440 2335 obligatio
457 2239 595 2326 instat3
616 2238 813 2327 enimvero,
831 2245 918 2310 utut
936 2236 985 2310 sit
1003 2237 1159 2325 difficile,
1178 2263 1246 2336 pro

204 2361 424 2459 impossibili
448 2386 525 2435 non
550 2368 677 2458 potest
700 2361 840 2435 haberi.
895 2359 1005 2450 Quod
1022 2360 1054 2433 si
1072 2360 1243 2458 impossi-

206 2486 278 2558 bile
288 2484 398 2573 foret,
410 2509 495 2582 spes
506 2486 609 2558 nulla
618 2493 790 2574 restaret,
803 2487 906 2559 nulla
917 2485 1028 2559 salus.
1056 2483 1241 2574 Quemad-

205 2607 358 2681 modirm
379 2609 490 2695 enim,
510 2608 542 2681 si
557 2609 727 2683 homines
744 2610 783 2683 in
800 2610 965 2683 numeris
982 2611 1243 2708 computandis

206 2733 255 2805 ad
280 2732 413 2805 falsam
439 2758 593 2807 summae
622 2734 780 2831 integrae
809 2735 1031 2831 perveniunt
1048 2736 1240 2812 ,conclusi-

205 2881 327 2945 onem‚
343 2858 429 2954 quia
442 2866 481 2933 et
491 2859 589 2932 circa
603 2859 768 2956 singulas
786 2867 913 2932 errant
923 2866 1061 2956 partes,
1075 2869 1159 2956 spes
1178 2859 1246 2933 tibi

205 2984 312 3057 adest
324 2981 546 3081 corrigendi,
559 2990 598 3056 et
615 2984 663 3056 ad
680 2983 718 3056 id
729 2992 884 3057 conatus
899 2991 1009 3056 erunt
1022 2984 1243 3058 adhibendi:

206 3109 264 3183 sin
281 3117 406 3181 autem
417 3108 517 3205 ipsas
529 3133 683 3181 summae
693 3109 895 3205 particulas
907 3134 973 3205 pro
984 3109 1082 3183 veris
1092 3110 1243 3197 habeas,

204 3234 297 3307 nihil
322 3232 491 3307 remanet
518 3233 618 3330 quod
632 3257 748 3329 agas.
801 3231 978 3307 Similiter
999 3234 1114 3307 etiam
1142 3235 1175 3307 si
1198 3258 1244 3306 ex

203 3383 320 3458 pravo
338 3358 461 3432 cordis
490 3357 643 3431 consilio
662 3357 831 3454 procedit
846 3356 887 3429 id
911 3382 1019 3430 omne
1038 3356 1138 3453 quod
1165 3356 1242 3451 agi-

204 3491 268 3556 tur
287 3484 438 3570 malum,
458 3506 543 3580 spes
562 3481 682 3554 omnis
701 3482 858 3568 deesset,
880 3505 950 3555 nec
967 3481 1004 3555 vi
1021 3479 1244 3576 euagandu-

204 3613 290 3680 rent
324 3607 450 3692 verba,
487 3605 731 3695 monitionis:
771 3613 863 3678 tunc
896 3603 1035 3678 etenim
1061 3603 1244 3676 duntaxat

204 3755 278 3806 vox
303 3731 462 3804 hominis
478 3730 617 3804 valebit
639 3729 687 3802 ad
704 3752 898 3803 commune
927 3728 1066 3800 bonum
1095 3729 1243 3825 generis

203 3855 367 3942 humani,
396 3855 461 3928 ubi
485 3880 551 3952 per
576 3877 639 3928 eos
667 3876 760 3948 quos
782 3850 958 3931 adhibent
975 3851 1157 3927 terminos
1181 3855 1243 3927 de-

203 3976 302 4076 cepti
318 3978 499 4068 homines,
515 3975 619 4051 adid
635 3974 735 4072 quod
751 3973 893 4058 nollent
910 3975 1097 4073 agendum
1109 3977 1243 4055 fraude

201 4102 451 4201 impellantur.
