2976 4784
719 277 771 362 ⁶9

226 475 467 564 testantioae,-·
488 483 633 575 ut'per
651 501 654 506 ·
675 477 854 551 Oratores
895 498 987 550 suos
1011 474 1266 551 interessent

226 603 366 701 Negari
387 602 479 676 ¹verb
507 627 586 676 non
610 609 747 700 potest,
767 602 859 700 quin‘
882 602 983 676 huno
1013 601 1133 675 solum
1156 602 1268 676 finem

226 728 297 801 sibi
314 727 530 825 praestitura
547 736 674 801 essent
691 727 854 825 Imperia
871 727 1066 825 Europaea,
1080 726 1112 800 si
1126 727 1196 800 tali
1207 741 1266 801 ao-

225 854 401 928 oederent
417 851 632 926 invitationi
658 849 779 948 quim.
792 859 836 924 ut
855 853 1000 948 justam
1018 850 1266 948 quaestionum

224 977 467 1075 prohiberent
495 975 731 1064 solutionem,
760 984 800 1051 et
827 984 963 1051 ounota
991 977 1265 1073 perturbarent.

225 1100 279 1182 At
295 1102 384 1174 verb
395 1100 541 1198 Legum
554 1111 707 1199 campus
724 1113 800 1175 'non
818 1102 866 1175 ad
882 1101 1078 1175 Ministros
1090 1101 1266 1199 pertinet,

224 1251 294 1300 nee
307 1227 356 1299 ad
367 1226 407 1299 id
420 1227 521 1323 quod
535 1234 560 1267 “
571 1225 784 1323 Legiferum
794 1224 969 1323 Corpus''
981 1234 1129 1312 vocant,
1143 1224 1208 1300 sed
1219 1225 1268 1298 ad

218 1351 454 1448 jurisperitos
486 1352 682 1426 duntaxat.
737 1351 826 1426 Tale
856 1350 984 1449 utique
1012 1351 1208 1425 eonsilium
1232 1348 1268 1422 'si

224 1476 307 1572 quis
325 1477 492 1564 haberet,
511 1502 557 1549 ex
580 1475 661 1574 ipsd
676 1476 731 1550 rei
747 1474 1027 1563 natura-immo
1045 1474 1268 1562 necessarie,
1331 1470 1332 1473 '

225 1622 289 1672 eos
307 1600 356 1672 ad
382 1624 422 1673 se
443 1609 595 1674 voearet
621 1601 685 1697 qui
708 1602 821 1674 rebus
848 1602 1063 1674 studuerint
1084 1599 1266 1697 juridicis.

225 1721 251 1794 J
253 1746 296 1795 us
324 1723 473 1819 quidem
501 1723 679 1796 Gentium
704 1724 798 1796 nulli
825 1725 1019 1820 subjicitur
1035 1725 1060 1798 J
1062 1725 1119 1797 uri
1138 1723 1265 1798 civili:

226 1847 326 1944 quod
342 1846 368 1919 J
372 1871 413 1920 us
442 1849 574 1921 saltem
598 1848 638 1920 in
662 1847 800 1944 Anglia
824 1873 893 1946 pro
918 1847 1089 1945 portione
1111 1848 1269 1945 quddam

224 1971 384 2045 habetur
412 1971 516 2044 Juris
545 1971 684 2059 civilis,
717 1996 799 2069 quae
826 1980 953 2046 tamen
980 1997 1057 2045 non
1083 1997 1107 2046 a
1129 1972 1268 2046 Parlia·v

224 2105 352 2170 mento
375 2097 570 2195 processit,
592 2121 661 2170 nec
687 2122 711 2171 a
740 2096 855 2193 Regis
885 2096 1117 2170 auctoritate.
1183 2095 1269 2171 Hoe

224 2220 250 2293 J
252 2246 295 2294 us
312 2221 480 2320 privatos
497 2222 725 2319 plerumque,
744 2221 846 2295 hisee
862 2220 1004 2294 nostris
1023 2221 1271 2319 temporibus,·

223 2345 355 2420 habuit
380 2346 626 2444 interpretes:
667 2346 768 2419 inter
799 2370 894 2444 quos
926 2345 990 2443 qui
1025 2370 1103 2443 prae
1134 2346 1267 2422 ceteris
1361 2328 1364 2331 ¹

223 2470 398 2559 eminent,
419 2469 592 2559 Grotinm
618 2471 700 2545 dieo
718 2479 757 2546 et
773 2471 990 2558 Vatellium,
1005 2470 1266 2547 Protestantes

222 2595 385 2671 fuerunt.
450 2595 504 2668 Hi
536 2597 750 2695 scriptores,
787 2596 901 2670 etiam
938 2598 985 2670 ab
1020 2595 1268 2672 Ethnioorum

223 2719 392 2818 Legibus
412 2721 592 2818 et'praxi‚
610 2723 729 2795 multa
754 2729 1035 2818 congesserunt,
1060 2722 1269 2819 praesertim

223 2841 480 2917 Romanorum
512 2855 695 2932 veterum,
727 2847 827 2944 apud
857 2870 952 2943 quos
986 2845 1013 2918 J
1016 2870 1058 2919 us
1090 2844 1268 2921 Gentium

223 2991 293 3065 pro
323 2967 350 3040 J
351 2992 416 3041 ure
450 2966 647 3041 Communi
680 2969 763 3056 fuit,
799 2993 887 3043 suos
921 2970 1093 3067 proprios
1127 2970 1269 3043 habens

225 3090 391 3164 Judices.
444 3089 700 3188 Quodcunque
727 3117 812 3166 eum
838 3093 974 3166 exteris
993 3094 1175 3188 agebatur
1191 3092 1285 3166 Na·-

225 3214 402 3303 tionibus,
420 3215 523 3290 hisce
550 3216 793 3305 solummodb,
821 3217 957 3291 ceteris
984 3217 1153 3304 sublatis,
1181 3218 1266 3291 sub·

220 3341 363 3438 jectum
374 3348 433 3414 est
442 3339 468 3412 J
470 3340 650 3414 udioibus,
678 3340 751 3414 His
762 3340 861 3415 enim
873 3343 987 3415 rebus
997 3341 1091 3414 nulli
1103 3340 1198 3440 Regi
1210 3336 1269 3416 vel

225 3462 390 3551 Cornuti,
409 3488 485 3538 non
517 3462 673 3538 Senatui
698 3489 767 3538 nee
789 3464 934 3562 Populo
963 3463 1003 3538 se
1031 3465 1268 3563 interponere

222 3587 352 3674 liouit;
379 3586 420 3658 hi
440 3586 540 3660 enim
563 3611 634 3660 neo
659 3587 798 3660 bellum
820 3589 1040 3662 denuntiare
1056 3588 1268 3676 valuerunt,

223 3720 293 3800 nee
309 3719 440 3808 paoem
456 3710 562 3785 inire,
597 3710 645 3785 In
655 3710 869 3809 hujusmodi
886 3711 985 3785 enim
999 3711 1267 3808 quaestionibus

222 3833 250 3906 ii
284 3835 348 3932 qui
379 3833 661 3933 Rempublioam
694 3843 869 3933 gererent
907 3859 976 3933 pro
1009 3834 1085 3908 und
1117 3833 1267 3915 tantilm

224 3965 332 4053 parte
364 3957 404 4031 in
439 3960 505 4033 lite
538 3961 784 4049 habebantur,
817 3961 863 4034 de
897 3961 1002 4059 cujus
1036 3961 1132 4035 actis
1167 3969 1269 4036 esset

224 4078 510 4177 inquirendum
550 4084 715 4184 Collegio
733 4085 951 4175 Fnennron,
970 4085 1072 4161 nullo
1098 4086 1138 4159 in
1155 4078 1274 4160 rebus-
