2976 4784
811 314 860 385 84

306 511 482 586 Ecclesiae
499 534 577 584 non
594 510 718 607 palam
735 508 939 607 professis:
967 508 1192 582 Potentatus
1210 511 1349 589 etenim

306 635 368 733 qui
396 659 541 709 summo
568 659 653 709 cum
688 634 854 706 omnium
890 632 1102 706 discrimine
1137 633 1184 705 ad
1219 658 1351 730 aggre-

305 760 482 832 diendum
507 759 617 857 proni
643 766 743 846 sunt,
770 782 846 830 uno
876 757 1060 830 duntaxat
1088 765 1254 853 excepto,
1274 784 1351 832 non

307 890 396 955 sunt
423 881 618 956 Catholici.
673 883 732 954 Ex
765 890 928 978 quatuor
961 881 1227 954 Potentatibus
1262 906 1348 979 per-

306 1006 470 1094 niciosis,
491 1032 536 1080 ex
562 1005 701 1103 englis
721 1031 855 1104 nempe
882 1013 921 1079 et
946 1004 1096 1091 Russid,
1116 1004 1296 1078 Borussid
1313 1014 1352 1078 et

308 1129 438 1219 Gallit,
467 1132 506 1204 in
542 1155 605 1205 eos
642 1131 742 1204 certe
768 1129 928 1202 maxime
961 1129 1135 1202 influeret
1168 1129 1352 1203 Pourrmx

308 1256 500 1343 Rouluus,
541 1255 606 1352 qui
641 1253 833 1328 Catholico
876 1253 1026 1326 nomine
1062 1278 1138 1326 non
1172 1253 1351 1350 gaudent.

308 1380 393 1453 Hoc
410 1380 450 1452 in
467 1381 551 1453 loco
574 1379 741 1452 indicare
767 1379 1028 1451 tantummodo
1044 1402 1244 1476 possumus
1263 1379 1355 1476 quid

307 1504 476 1591 velimus,
489 1529 565 1576 non
583 1504 754 1600 plenbde
772 1527 816 1576 eo
834 1503 1025 1576 disserere.
1079 1501 1180 1576 Satis
1193 1504 1354 1578 fortasse

300 1629 380 1726 jam
401 1627 543 1702 dictum
561 1635 620 1702 est
638 1628 686 1700 ad
704 1627 978 1701 ostendendum
996 1651 1060 1700 eos
1079 1627 1199 1723 quiin
1215 1627 1356 1724 Angue

308 1754 451 1850 degunt
486 1753 712 1840 Catholicos,
748 1753 862 1826 immo
896 1760 1042 1849 partem
1080 1751 1274 1825 minimam
1307 1779 1356 1826 ex

305 1904 435 1952 eorum
461 1903 631 1968 numere,
660 1861 832 1952 sufficere
859 1877 907 1950 ad
936 1878 1180 1951 coercendam
1217 1879 1354 1973 agendi

304 2004 489 2079 rationem
508 2003 700 2089 Gubernii,
712 2004 890 2100 injustam
900 2002 1031 2098 utique
1043 2009 1081 2075 et
1093 2001 1353 2099 perniciosam.

304 2129 442 2203 Russia
476 2129 576 2216 verb,
613 2129 723 2203 modb
766 2126 888 2201 active
913 2127 1063 2223 Angliae
1090 2127 1353 2224 cooperatione

306 2253 545 2340 destituatur,
566 2253 668 2326 omni
692 2250 834 2325 carebit
864 2251 1100 2339 auctoritate,
1125 2238 1213 2323 dum
1244 2252 1355 2325 simul

306 2377 500 2450 exordium
518 2377 562 2449 fit
584 2383 629 2448 ut
654 2376 729 2473 ipsi
746 2375 896 2472 Angliae
915 2400 983 2448 sua
1003 2376 1157 2449 tandem
1174 2377 1354 2450 reddatur

306 2501 523 2574 auctoritas.
578 2498 805 2590 Quinimmo,
825 2506 864 2572 et
889 2499 989 2572 inter
1006 2500 1150 2573 Russos
1176 2501 1355 2574 Prussos-

309 2642 380 2714 que
414 2620 585 2691 nonnulli
619 2621 767 2694 Rousur
793 2621 999 2694 Pourrrrors
1026 2623 1288 2697 auctoritatem
1313 2623 1356 2697 in

306 2743 534 2839 spiritalibus
577 2753 799 2842 agnoscunt.
853 2746 982 2834 Porrd,
1026 2772 1102 2820 una
1149 2749 1354 2844 eademque

304 2868 404 2941 inter
422 2892 552 2943 omnes
570 2872 683 2944 debet
700 2895 781 2944 esse
799 2872 936 2969 agendi
952 2873 1164 2946 methodus,
1216 2873 1254 2947 N
1255 2898 1296 2948 ec
1313 2873 1357 2948 id

304 2997 617 3093 praetereundum,
650 2998 772 3072 adhuc
805 2998 846 3071 in
882 2997 1001 3072 Gallis
1026 2999 1169 3095 aliquos
1199 2999 1356 3098 reperiri

307 3118 532 3194 Catholicos.

356 3244 546 3344 Quidquid
556 3247 596 3320 in
609 3248 721 3322 rebus
733 3248 894 3345 politicis
906 3251 1056 3322 valeant
1066 3248 1353 3339 haecGubernia,

305 3369 480 3444 adversbs
498 3372 657 3445 Romam
686 3373 1009 3461 machinabuntur‚
1038 3374 1175 3448 directe
1205 3375 1355 3472 quidem

302 3494 343 3565 in
368 3495 491 3590 ipsum
516 3496 740 3570 Pontificem
766 3497 917 3594 ejusque
943 3498 1150 3585 Ministros,
1175 3498 1355 3575 indirecte

302 3618 402 3703 verb,
423 3619 650 3716 auspicando
669 3623 716 3694 ab
735 3621 931 3720 Episcopis
958 3630 997 3695 et
1024 3623 1133 3698 Olero
1151 3624 1352 3720 unicuique

302 3741 528 3837 Reipublicae
567 3745 754 3841 subjectis.
808 3746 1011 3843 Imprimis,
1040 3749 1247 3845 ceterisque
1272 3774 1355 3846 per·

302 3865 491 3953 niciosibs,
519 3866 589 3941 hoc
614 3870 771 3942 Austris
795 3871 981 3943 molietur.
1035 3872 1167 3947 Omnis
1194 3874 1354 3971 denique

282 4014 423 4063 sermo
453 4016 582 4065 eorum
611 3993 744 4089 quibus
774 4019 835 4067 res
866 3995 1027 4091 politicae
1058 4006 1148 4071 sunt
1174 4023 1283 4085 curae,
1311 3999 1355 4074 eb

302 4115 485 4213 dirigetur
511 4124 556 4192 ut
582 4118 675 4191 nulli
702 4120 805 4193 locus
836 4121 990 4195 cedatur
1019 4121 1240 4218 cogitationi
1269 4148 1354 4222 quae
