2976 4784
736 249 782 321 56

275 449 408 524 “Hinc
426 457 484 523 est
501 450 601 545 quod
619 447 696 521 acri
706 448 829 522 animo
843 448 1042 523 dolendum
1054 448 1104 521 sit
1114 447 1274 545 Religio-

230 601 317 649 nem
334 576 375 646 in
401 573 468 648 hac
493 572 628 646 Politia
645 598 714 670 pro
732 571 913 671 participe
936 572 1051 646 fuisse
1067 573 1271 647 inductam.

231 699 311 773 Nec
323 698 417 772 bene
435 704 562 771 actum
575 696 723 770 videtur
741 697 788 769 ab
805 697 851 770 iis
869 696 933 794 qui
944 721 1063 794 nuper
1076 697 1272 794 Religioni,

231 826 383 923 ejusque
416 822 611 909 ministris,
648 822 919 908 dictaverant
953 822 1138 919 quandam
1171 821 1274 897 hisce

229 947 416 1022 violentiis
445 947 655 1043 religiosam
681 945 1004 1020 accommodarent
1029 945 1272 1034 sanctionem.

231 1071 491 1170 Saepenumero
515 1071 555 1142 in
579 1070 729 1168 templis
756 1095 982 1168 personuere
1008 1069 1165 1158 cantica,
1184 1071 1275 1144 dum

230 1195 312 1270 Deo
339 1195 470 1293 gratiae
501 1203 701 1292 agerentur
730 1219 798 1292 pro
816 1193 981 1268 victoriis
1008 1220 1031 1267 a
1055 1193 1136 1267 Deo
1162 1193 1273 1267 male·

230 1321 352 1408 dictis,
370 1321 508 1394 nedum
526 1321 575 1394 ad
592 1321 684 1417 Ejus
701 1319 860 1417 gloriam
876 1316 1135 1394 facientibus.''

280 1446 395 1520 Hisce
420 1446 536 1542 igitur
559 1445 713 1519 vocibus
738 1470 830 1518 usus
857 1452 916 1518 est
950 1445 1038 1517 olim
1063 1443 1272 1541 Episcopus

229 1568 519 1666 Moguntiensis,
561 1570 650 1665 quin
692 1577 821 1643 tamen
868 1568 1146 1641 distinctionem
1190 1593 1272 1666 per·

229 1693 401 1791 cepisset,
413 1693 554 1789 injusta
565 1693 664 1765 inter
674 1693 782 1779 bella,
795 1700 833 1765 et
843 1692 989 1778 illicita;
1011 1693 1077 1765 sed
1090 1693 1139 1765 ad
1148 1693 1274 1789 priora

229 1816 489 1890 tantummodo
524 1824 712 1913 spectans
750 1817 886 1912 illaque
927 1823 1142 1890 nostrorum
1175 1825 1269 1897 tem·

228 1966 362 2039 porum
388 1942 568 2039 probrum
601 1948 721 2029 ratus,
758 1949 797 2014 et
834 1941 1064 2038 periculum:
1102 1942 1271 2039 indigna·

229 2067 377 2139 bundus
406 2073 534 2138 tamen
562 2072 601 2138 et
630 2067 772 2152 dolens,
804 2065 918 2138 immo
945 2066 1102 2139 horrens
1132 2066 1272 2141 indicat

229 2190 472 2288 Religionem,
492 2192 581 2263 dum
609 2191 722 2264 armis
740 2191 906 2264 adversis
927 2191 1134 2279 benedicat,
1151 2191 1272 2289 ipsam

229 2341 310 2390 esse
328 2323 567 2388 exsecratam.

280 2441 484 2513 Testantur
510 2440 591 2512 haec
621 2438 888 2513 conscientiam
913 2442 1180 2537 perturbatam,
1208 2467 1272 2516 cor

229 2562 418 2637 afflictum.
470 2563 525 2635 At
538 2563 624 2636 verb
641 2588 754 2660 quam
770 2564 982 2660 hujusmodi
997 2567 1147 2640 valeant
1164 2567 1271 2641 affec-

228 2695 304 2773 tus,
323 2686 438 2759 etiam
455 2711 540 2759 cum
566 2687 725 2783 egregiis
756 2688 869 2761 animi
893 2689 1043 2764 dotibus
1070 2691 1269 2788 conjuncti,

229 2811 277 2884 ad
311 2810 534 2884 medicinam
568 2811 829 2886 inveniendam
854 2821 966 2910 atque
1000 2815 1269 2912 applicandam,

229 2936 319 3007 dum
337 2935 568 3008 desideretur
584 2937 794 3010 necessaria
809 2963 934 3013 rerum
949 2940 1271 3014 circumstantium

228 3058 404 3156 cognitio,
430 3059 613 3154 imprimis
644 3086 690 3134 ex
715 3061 790 3150 illo,
809 3065 908 3137 unde
933 3089 1053 3162 pauca
1079 3090 1193 3163 supra
1210 3091 1270 3139 ex-

228 3183 447 3280 carpsimus,
465 3184 561 3258 libro
580 3188 831 3282 cognoscitur.
884 3189 969 3274 Hoc
985 3188 1088 3277 item,
1102 3190 1141 3262 in
1160 3215 1270 3288 opere

229 3309 288 3382 cui
322 3309 456 3381 titulus
493 3309 734 3385 “Germania
767 3313 885 3410 qualis
919 3313 969 3387 sit
1002 3321 1089 3411 post
1124 3313 1270 3386 Bellum

227 3432 484 3520 Anni1866‚''
506 3438 552 3509 de
578 3437 699 3511 causis
728 3437 800 3511 hoc
829 3437 968 3511 bellum
993 3436 1268 3524 inducentibus,

227 3565 454 3631 tractaretur
471 3585 622 3634 necesse
640 3569 731 3636 erat.
784 3561 935 3634 Harum*
949 3584 1145 3645 causarum
1156 3569 1270 3656 prout

227 3682 356 3755 reverti
385 3685 622 3771 exstiterunt,
649 3711 697 3758 ne
722 3710 835 3759 unam
860 3683 1009 3779 quidem
1034 3692 1165 3758 auctor
1187 3709 1269 3782 per·

229 3807 361 3904 spexit.
413 3808 606 3882 Nonnulla
630 3809 677 3881 de
694 3806 811 3880 Danis
835 3830 913 3903 prae
930 3831 1055 3880 errore
1071 3816 1213 3898 narrat,
1232 3819 1271 3883 et

227 3957 273 4004 ex
298 3933 402 4007 falsis
440 3933 499 4005 his
542 3931 756 4030 praemissis,
797 3930 925 4037 statim
967 3931 1079 4007 falsas
1119 3935 1270 4011 deducit

227 4055 525 4153 consequentias.
583 4052 742 4129 Domum
768 4056 815 4136 de
826 4054 997 4137 terribili
1013 4058 1077 4134 illo
1096 4085 1140 4134 ac
1158 4061 1269 4137 sacri-
