2976 4784
726 330 776 400 53

278 525 330 598 Et
351 552 393 600 re
415 528 563 624 quidem
589 527 688 616 vert,
719 553 796 602 non
826 529 873 601 ab
898 529 1090 602 hominum
1113 557 1268 608 numero

226 650 392 746 pendent
409 675 453 724 ea
470 675 552 748 quae
572 652 765 726 intellectu
789 652 1045 750 perficiuntur.
1082 655 1269 730 'Praesens

227 773 407 871 siquidem
442 775 523 850 haec
557 777 710 850 humani
744 778 891 874 generis
926 779 1092 853 conditio
1125 782 1172 854 ab
1196 809 1269 856 uno

226 898 373 971 tantum
385 900 535 974 homine
549 901 621 974 fuit
637 902 864 976 elaborata*

275 1023 399 1096 Vexat
421 1025 619 1115 enimvero,
644 1027 1008 1124 debetquecessare,
1034 1056 1110 1104 non
1129 1032 1267 1104 solum-

225 1147 335 1221 modo
353 1150 705 1247 sanguinis‘effusiO,
718 1149 784 1224 sed
801 1151 919 1225 illiciti
932 1154 1110 1251 cujusque
1121 1155 1268 1252 generis

224 1281 343 1362 ectus,
362 1282 445 1348 tum
470 1277 741 1350 commissionis
767 1285 849 1349 tum
875 1278 1086 1352 omissionis
1098 1305 1109 1365 ;
1141 1280 1266 1366 illatae,

223 1400 499 1498 permissasque,
514 1402 668 1499 injuriae.
706 1401 820 1476 Modo
831 1403 872 1475 in
884 1403 1022 1500 Anglia
1035 1405 1268 1478 exstitissent

223 1523 332 1619 probi
349 1525 490 1622 aliquot
506 1526 589 1612 viri,
607 1526 736 1599 multis
756 1527 988 1600 novitatibus
1006 1528 1264 1602 obstitissent:

225 1648 376 1735 etenim,
411 1675 510 1723 anno
540 1651 640 1722 1854
669 1651 808 1747 Anglia
841 1676 918 1724 non
953 1651 1190 1726 emendasset
1224 1679 1268 1727 ea

224 1771 349 1842 omnia
366 1797 524 1866 quorum
541 1787 612 1867 ope
629 1772 777 1845 hostem
795 1774 1037 1868 comprimere
1057 1775 1265 1869 potuisset3

224 1905 294 1967 nee
305 1919 405 1967 anno
419 1894 516 1966 1856
528 1896 654 1991 oopias
666 1897 817 1968 navales
830 1897 910 1968 aliis
929 1898 1094 1993 gratuito
1106 1899 1267 1971 remisis-

225 2027 298 2107 set;
317 2045 388 2094 nec
399 2044 499 2092 anno
513 2021 611 2091 1863
624 2020 782 2093 classem
798 2020 993 2116 piraticam
1003 2022 1266 2118 praeparassem

222 2170 292 2219 neo
308 2144 519 2219 recusasset
543 2146 697 2242 injurias
719 2145 766 2218 ab
782 2146 856 2218 illis
876 2146 999 2218 illatas
1017 2147 1124 2219 annis
1143 2149 1268 2219 1864*-

224 2268 322 2342 1867
346 2292 519 2367 reparare
531 2297 542 2357 ;
582 2293 651 2343 nec
675 2267 872 2342 tolerasset
897 2277 941 2341 ut
965 2270 1065 2343 inter
1088 2270 1267 2345 finitimos

221 2403 385 2483 nostros,
404 2397 542 2469 aliosve
559 2402 788 2493 potentatus,
799 2420 918 2492 regna
933 2396 1053 2491 pretio
1071 2405 1267 2470 numerato

221 2527 567 2607 commutarentur3
591 2545 715 2616 neque
740 2527 784 2592 ut
808 2529 938 2617 portus
964 2528 1090 2593 essent
1110 2521 1265 2609 obsessi,

221 2646 312 2742 quin
342 2647 480 2744 aliqua
497 2646 631 2720 saltem
659 2647 838 2719 existeret
864 2645 961 2718 Belli
987 2646 1152 2742 species3
1196 2671 1266 2720 nee

220 2772 451 2866 permisisset
467 2780 511 2843 ut
528 2771 662 2867 Legati
685 2771 807 2843 nostri
831 2770 1035 2857 inferiores,
1055 2795 1149 2866 quos
1168 2771 1265 2844 Con·

223 2895 322 2967 sules
339 2896 481 2981 dicunt,
498 2895 611 2967 rebus
637 2895 834 2968 civitatum
850 2893 1021 2979 internis,
1039 2895 1084 2964 in⁴
1096 2893 1264 2981 Oriente,

223 3040 305 3089 sese
321 3016 642 3102 intermiscerent3
669 3041 738 3090 nec
757 3016 959 3089 tractasset
975 3016 1023 3088 de
1038 3019 1265 3091 removendo

221 3140 345 3238 ipsum
376 3139 574 3214 Societatis
610 3139 736 3213 Civilis
767 3141 1063 3226 fundamentum,
1096 3140 1265 3213 subditos

221 3274 356 3363 nempe
373 3291 396 3338 a
411 3264 486 3338 fide
503 3289 594 3361 erga
610 3265 755 3361 Regem
766 3263 893 3360 juratt
912 3263 1140 3336 absolvendo
1154 3289 1165 3348 ;
1191 3265 1264 3350 vel,

221 3398 265 3464 ut
289 3414 365 3463 uno
388 3392 503 3464 verbo
538 3389 671 3476 dicam,
699 3389 899 3486 quidquam
926 3387 1264 3462 evenisset-eorum

220 3516 386 3587 omnium
399 3531 482 3610 quae
494 3539 614 3610 nuper
625 3539 695 3588 nos
708 3514 926 3587 cateruatim
940 3537 1157 3610 oppressere
1166 3538 1265 3587 nova

219 3639 423 3736 proposita,
443 3638 608 3712 ‘antehac
641 3639 781 3735 passim
809 3639 950 3736 ignota.
1003 3637 1106 3711 'Haec
1130 3646 1262 3711 autem

221 3763 357 3851 omnia,
376 3762 490 3853 ethis
512 3762 646 3837 similia
663 3787 746 3860 quae
762 3762 950 3860 subsequi
967 3763 1262 3850 debent,-neees·

220 3889 316 3962 sarit
330 3887 512 3975 o1iuntur,
519 3908 666 3987 semper
675 3913 723 3962 ac
735 3886 905 3962 homines
919 3888 990 3961 sibi
1000 3887 1262 3962 excusationes

600 4117 639 4169 ¹¹⁴
660 4128 855 4186 Polmerston.
