2976 4784
714 287 761 360 29

223 498 390 564 secutum
408 498 465 563 est
482 491 650 577 Bellum;
678 491 704 564 J
705 513 844 588 apones
857 513 934 562 non
948 488 1063 563 semel
1074 489 1260 578 lacessiti3

221 615 311 688 urbs
328 615 449 688 Jedda
474 615 595 712 globis
621 615 796 712 displosis
821 622 1061 713 oppugnata:
1089 615 1262 689 ultimum

219 739 343 814 locum
376 740 500 813 tenuit
533 740 744 837 Abyssiniae
778 740 934 813 invasio,
988 738 1080 829 Quae
1114 739 1263 836 quidem

219 864 316 937 bella
333 865 490 937 eandem
508 864 632 937 omnia
648 890 727 963 pree
746 889 785 938 se
803 864 929 937 ferunt
946 872 1096 950 notam3
1125 865 1264 960 injusta

222 988 359 1061 etenim
384 988 534 1062 fuerunt
561 989 695 1076 omnia,
717 989 868 1062 minime
885 989 1105 1074 necessaria,
1125 990 1264 1062 nemini

222 1113 438 1210 profutura:
459 1114 549 1186 dum
563 1114 672 1186 simul
685 1114 731 1186 iis
751 1122 951 1187 caruerunt
961 1113 1261 1201 formalitatibuS,

222 1237 355 1334 quibus
382 1263 476 1336 opus
502 1248 561 1313 est
581 1246 625 1311 ut
641 1239 791 1326 bellurn,
811 1237 1049 1335 quantumvis
1062 1239 1207 1335 justum
1225 1247 1264 1311 et

221 1363 482 1451 necessarium,
501 1364 568 1436 fiat
585 1363 805 1460 legitimum.

271 1487 490 1561 Notandum
524 1497 593 1574 est,
630 1496 713 1560 tum
750 1488 894 1560 nullum
929 1510 975 1560 ex
1009 1486 1110 1560 hisce
1145 1488 1264 1584 gestis

221 1610 365 1682 lucrum
393 1637 474 1685 esse
503 1616 785 1710 reportandum,
810 1620 891 1683 tum
909 1612 1031 1684 nullos
1056 1611 1265 1684 animorum

223 1733 389 1820 affectus,
418 1735 552 1830 quibus
592 1735 723 1808 fuisset
759 1736 1039 1830 indulgendum,
1068 1760 1150 1808 esse
1176 1760 1263 1807 con·

222 1856 368 1930 citatos.
423 1856 524 1930 Gens
554 1858 714 1954 Anglica
743 1883 936 1953 nunquam
967 1882 1022 1943 eo,
1049 1858 1122 1930 nisi
1147 1859 1264 1956 inopi-

221 1990 367 2068 nanter,
387 1983 550 2056 adducta
568 1989 636 2054 est.
692 1980 841 2078 Scripta
858 2006 901 2053 eo
920 2006 1038 2076 usque
1056 1982 1263 2070 falsificata,

222 2115 265 2178 nt
283 2107 396 2178 etiarn
414 2132 489 2179 non
507 2105 706 2179 existentia
733 2105 1010 2190 simularentur,
1030 2114 1068 2178 et
1087 2106 1266 2202 figmenta

222 2230 421 2327 omnigena
448 2231 626 2316 adhibita,
659 2255 702 2303 eo
738 2230 812 2301 fine
846 2238 889 2300 nt
923 2229 1061 2301 bellum
1095 2229 1262 2303 iniretur.

221 2355 354 2450 Neque
388 2356 630 2453 capiebantur
663 2353 876 2451 hujusmodi
911 2355 1065 2427 consilia
1099 2363 1264 2426 tantum-

221 2481 333 2552 modo
344 2480 392 2552 ad
406 2480 504 2553 cives
517 2480 756 2577 decipiendos
771 2487 808 2552 et
823 2478 1265 2565 Parliamentum,verum

222 2605 335 2678 etiam
366 2607 413 2678 ad
449 2607 693 2678 obcaecandos
731 2630 793 2677 eos
826 2604 889 2700 qui
927 2606 1132 2677 secundum
1166 2605 1266 2678 inter

220 2729 417 2804 Ministros
465 2739 638 2804 tenerent
682 2731 853 2826 gradum,
893 2730 1007 2802 immo
1052 2731 1100 2801 ad
1143 2731 1266 2827 ipsum

222 2851 364 2947 Regem
401 2854 663 2924 seducendum.
719 2852 853 2924 Omnia
883 2878 949 2947 per
975 2878 1093 2924 unum
1126 2860 1264 2926 tracta·

222 2976 361 3047 bantur
402 2975 619 3046 Ministrum
631 3003 641 3061 ;
679 2975 753 3070 qui,
789 2985 833 3046 ut
870 2976 940 3047 sibi
977 2977 1263 3065 immunitatem,

222 3098 363 3170 bonurn
410 3121 635 3183 successum,
679 3099 874 3193 locumque
926 3098 1140 3170 conciliaret
1191 3103 1265 3196 pri-

222 3222 393 3307 marium,
418 3221 561 3293 caeteris
588 3222 785 3317 persuasit,
805 3246 941 3293 nomen
954 3222 1124 3317 Anglicae
1141 3224 1266 3318 gentis

222 3345 435 3444 periclitari,
454 3346 566 3441 idque
593 3345 769 3418 sustineri
796 3347 940 3418 debere.
993 3345 1155 3433 Interea,
1177 3347 1266 3420 dum

221 3472 386 3545 universi
421 3496 502 3544 sese
541 3471 714 3543 imbecilli
750 3472 932 3544 sentirent
975 3497 1057 3544 esse
1100 3472 1264 3568 ingenie,

222 3607 260 3671 et
293 3597 560 3694 rempublicam
594 3597 744 3668 minime
760 3597 814 3668 'in
840 3604 923 3669 tuto
950 3597 1113 3693 positam
1139 3601 1264 3671 crede·

221 3730 319 3809 rent,
347 3722 435 3794 huic
461 3721 528 3793 uni
556 3713 799 3794 sunt‘omnes
830 3721 961 3794 confisi
992 3746 1103 3818 quem
1128 3722 1265 3798 fortem

222 3848 333 3922 simul
359 3856 398 3921 et
422 3855 553 3945 aptum
569 3847 811 3921 invenissent.

272 3973 379 4044 Inter
395 3973 505 4070 hujus
524 3973 672 4071 generis
690 3973 868 4058 facinora,
888 3998 971 4069 quae
992 3972 1031 4044 in
1049 3971 1141 4045 Asia
1157 3981 1267 4067 gesta

224 4104 323 4184 sunt,
340 4098 464 4171 locum
490 4099 603 4173 habet
627 4101 812 4175 tumultus
838 4098 1010 4179 militaris
1038 4123 1147 4201 quem
1166 4121 1265 4170 anno
