2976 4784
728 301 751 370 8
1234 318 1253 363 ,s

1239 388 1266 455 s

272 495 313 569 Si
340 521 385 569 θα
415 497 540 570 omnio
570 498 616 570 de
646 497 780 594 quibus
806 499 993 594 egendum
1023 499 1105 586 erit,
1135 426 1268 596 pauca

220 619 345 692 verbis
363 620 628 718 comprehendi
644 628 810 719 possent,
832 645 1150 719 supervacaneum
1167 623 1265 697 foret

220 769 265 817 θα
280 742 398 816 litoris
424 744 654 841 consignare.
708 743 798 834 Quae
826 769 896 841 ego
915 769 998 818 sum
1021 745 1201 832 dicturus,
1221 771 1265 819 θα

220 891 330 940 nemo
368 869 580 942 mortalium
611 868 698 943 olim
731 869 955 966 ignorabet3
995 870 1125 943 eedem
1153 869 1263 943 hodie

220 991 397 1088 ignorant
423 993 601 1091 plerique,
632 994 898 1067 vocabulorum
927 994 1081 1067 fallaciis
1117 994 1264 1092 decepti

221 1115 395 1213 falsisque
412 1117 739 1214 propositionibus,
767 1143 813 1191 ex
844 1119 975 1214 quibus
1004 1117 1263 1191 intellectualis

221 1242 326 1338 paene
343 1242 509 1315 omnium
527 1243 710 1315 confletur
726 1243 921 1316 hominum
939 1244 1113 1341 supellerr.

272 1412 310 1485 N
311 1412 454 1486 ostriim
470 1413 587 1510 igitur
613 1421 671 1487 est
696 1414 742 1486 ab
768 1414 960 1487 hominum
977 1415 1165 1487 mentibus
1183 1414 1263 1488 haec

222 1538 347 1612 omnia
374 1564 557 1627 amovere,
584 1538 826 1635 hominesque
853 1539 947 1611 mele
976 1539 1106 1612 doctos
1124 1538 1263 1612 rectius

222 1663 442 1737 instituere:
471 1665 571 1761 quod
588 1663 738 1737 nonnisi
764 1663 804 1735 in
831 1663 1035 1736 amicorum
1062 1670 1259 1736 consuetu-

222 1789 319 1875 dine,
338 1788 551 1885 mutuisque
568 1788 667 1861 inter
685 1813 724 1862 se
742 1786 947 1884 colloquiis,
966 1787 1074 1884 plene
1091 1785 1263 1883 praestari

220 1921 357 2010 potest.
411 1912 452 1986 si
479 1920 605 1986 temen
623 1919 795 2010 oporteat
814 1919 858 1984 ut
874 1935 935 1983 res
954 1910 1093 2008 scripto
1116 1917 1261 2007 egetur,

220 2062 455 2135 nequaquem
473 2037 608 2111 sufficit
633 2044 677 2109 ut
702 2035 828 2108 theses
848 2035 987 2131 aliquot
1004 2041 1263 2131 proponentur

220 2163 491 2248 tantummodo,
521 2168 588 2234 eut
614 2160 813 2233 methodus
840 2160 1021 2256 quaedem.
1084 2159 1264 2231 Nostram

222 2284 526 2381 disputationem,
553 2289 636 2354 tote
654 2289 794 2378 quanta
811 2290 881 2367 est,
902 2307 945 2355 θα
961 2281 1121 2355 formula
1152 2306 1263 2376 quam

223 2405 437 2501 subjicimus
454 2406 529 2478 fere
547 2404 807 2501 complectitur
820 2412 908 2477 :-“
923 2404 1032 2495 Quod
1048 2406 1188 2478 bonum
1204 2412 1278 2478 est·

221 2529 384 2616 facitote,
427 2553 495 2603 vos
534 2537 704 2626 'quorum
754 2530 893 2602 malum
944 2530 1064 2603 fecere
1114 2529 1264 2601 minime

220 2653 414 2728 interest.”
