2976 4784
711 303 758 373 41

224 501 351 590 videri,
370 522 447 575 non
464 501 585 574 minirs
601 502 729 574 tamen
756 500 815 573 est
830 514 985 588 terum3
1013 508 1060 574 eir
1076 499 1260 587 omnibus,

224 648 306 720 quae
322 651 443 723 nuper
458 626 533 699 icta
558 632 658 712 sunt,
677 620 890 712 foederibus,
908 645 960 697 ne
981 638 1099 696 unum
1116 623 1263 720 quidem

223 747 423 836 invenitur,
443 749 578 823 celebri
594 738 658 821 illo
668 747 874 822 Viennensi
888 771 964 820 non
982 751 1149 844 excepto,
1164 746 1265 844 quod

189 879 193 887 '
223 873 442 946 inviolatum
459 872 727 970 permanserit3
755 872 845 944 adet
862 879 910 943 ut
917 872 997 968 jam
1013 866 1264 968 tandem'ipsa

224 995 363 1070 foedera
388 1021 455 1093 pro
480 996 543 1069 lue
567 1002 762 1092 grassante
778 996 849 1082 vel,
867 1001 912 1068 ut
932 995 1047 1081 aiunt,
1066 1016 1137 1091 pro·
1152 993 1263 1067 urias·

223 1127 324 1193 mate
342 1121 502 1217 quodam
518 1119 762 1193 habeantur!l
826 1119 914 1192 Non
943 1118 1102 1215 ampliirs
1127 1110 1262 1190 intelli-

223 1243 382 1338 gebatur
416 1250 578 1340 quantus
620 1241 834 1329 foederibus,
871 1241 968 1314 siout
1010 1240 1264 1315 contractibus

223 1367 403 1462 positivis,
434 1367 557 1439 inesse
582 1367 715 1439 debeat
737 1367 868 1464 vigor3
908 1364 1053 1438 foedera
1073 1372 1201 1438 tamen
1225 1363 1265 1434 in

223 1493 347 1564 Iocum
364 1491 389 1563 J
389 1490 467 1562 uris
480 1491 605 1563 Divini
624 1498 663 1562 et
677 1489 865 1577 Gentium,
880 1489 1082 1584 subrogare
1098 1485 1268 1560 nonnulli

226 1613 353 1686 conari
370 1614 633 1707 deteguntur.†

275 1733 375 1806 Olim
412 1735 574 1829 quidem,
612 1734 760 1829 quoties
792 1735 1035 1830 grassabatur
1068 1731 1126 1805 vis
1159 1731 1265 1804 freni

227 1856 425 1952 cujuslibet
439 1857 583 1953 ignara,
598 1878 676 1928 non
695 1853 817 1928 defuit
830 1857 1018 1951 quoddam
1034 1842 1239 1927 remedium
1254 1880 1263 1926 :

225 1981 429 2076 quinimmo
458 1979 612 2052 remedii
640 1978 747 2052 notio
772 1987 907 2076 sponte
933 1977 1132 2073 surgebat:
1160 1976 1264 2049 notio

224 2105 354 2200 utique
378 2104 481 2176 Juris
508 2102 691 2176 servandi.
761 2101 816 2174 Iis
844 2101 993 2198 quidem
1018 2100 1262 2197 temporibus,

223 2229 338 2302 immo
364 2229 536 2302 omnibus
568 2228 712 2302 saeculis
742 2226 936 2313 anteactis,
964 2225 1130 2299 facinora
1158 2224 1262 2298 iden·

221 2354 338 2426 tidem
365 2361 454 2426 sunt
488 2352 664 2437 admissa,
695 2372 765 2424 neo
789 2351 873 2423 lues
896 2349 1055 2423 ulteriis
1079 2351 1262 2446 serpebat.

223 2476 418 2574 Corruptis
438 2477 624 2563 cordibus,
644 2475 806 2548 humano
827 2475 956 2571 generi
971 2475 1140 2547 restabat
1155 2473 1263 2547 intel·

221 2601 364 2673 lectus:
393 2601 639 2697 etloquelam,
653 2599 683 2672 si
701 2600 784 2696 quis
802 2597 916 2672 etuti
930 2599 1056 2687 vellet,
1071 2599 1119 2672 ad
1130 2607 1265 2672 nutum

261 2829 279 2860 θ
300 2835 317 2863 “
329 2829 435 2885 l'oedus
450 2828 642 2886 Gaeteinenae
657 2831 722 2904 jam
735 2829 837 2888 vivere
855 2826 1032 2889 desueta&
1072 2829 1177 2888 Verba
1193 2834 1264 2886 auat

223 2920 347 2976 Domini
360 2919 491 2976 Rouher.

262 3012 282 3077 †
297 3010 384 3067 “Nec
393 3010 507 3081 clariis,
517 3030 571 3067 neo
581 3008 685 3067 atriis
692 2996 901 3069 indicaturssla
910 3008 1130 3087 omnipotentia
1140 3006 1263 3069 ambitio

221 3101 271 3160 oui
284 3101 380 3158 inhiat
394 3101 561 3158 dominatus
574 3101 731 3176 popularis,
746 3120 835 3177 quam
856 3117 910 3178 per
930 3099 988 3161 Jus
1001 3102 1076 3159 illud
1089 3094 1262 3178 primarium

220 3193 368 3270 neglectui
387 3193 499 3264 datum,
520 3193 599 3268 quod
619 3192 708 3249 fidem
721 3193 893 3252 Foederibus
914 3194 1043 3252 debitam
1067 3193 1262 3269 appellarunt,

223 3290 369 3361 quotquot
376 3286 561 3342 honestatem
569 3284 717 3361 publicam
725 3285 835 3342 habent
846 3287 933 3358 cordi,
942 3287 1111 3361 bonumque
1119 3285 1262 3342 sensum.”

221 3376 283 3455 (De
314 3376 441 3454 Broglie,
473 3376 506 3433 in
536 3376 607 3434 folio
635 3376 791 3453 periodico‚
820 3376 916 3436 Recita
939 3378 988 3436 dea
1011 3374 1097 3434 Deae
1120 3366 1262 3455 Merula.)

223 3469 306 3527 Hine
328 3469 364 3527 fit
387 3475 423 3526 ut
444 3469 524 3526 hisce
546 3469 728 3544 temporibus
750 3469 871 3527 morbus
882 3478 1038 3547 perceptus
1049 3470 1087 3527 ad
1099 3466 1262 3526 remedium

222 3561 443 3637 percipiendum
470 3580 656 3637 nequaquam
683 3561 784 3617 dricati
836 3562 882 3619 De
902 3561 1074 3619 Foederibus
1093 3562 1179 3620 duris
1197 3561 1261 3620 loeo

221 3653 443 3724 substituendis,
469 3657 499 3709 et
520 3653 542 3711 J
544 3652 605 3708 uris
623 3652 742 3708 nomine
763 3651 957 3728 designandis,
977 3654 1106 3730 primilm
1129 3654 1261 3730 agitabat

223 3745 331 3802 Russia
344 3764 422 3802 anno
439 3743 525 3817 1806,
540 3764 594 3801 neo
611 3737 669 3802 alifa
682 3743 849 3802 conditione
862 3745 974 3802 vellent
995 3744 1086 3802 Russi
1098 3746 1262 3803 consentire

223 3837 289 3913 paci
313 3837 413 3894 Gallos
436 3836 517 3894 inter
539 3843 571 3894 et
594 3835 716 3913 Anglos,
739 3842 813 3894 tunc
839 3838 982 3913 temporis
1005 3837 1147 3895 ineunda.
1190 3835 1262 3895 Huc

181 3967 182 3970 η
223 3928 313 3986 etiam
326 3930 429 4004 utique
442 3930 593 4004 spectabat
606 3928 693 4005 qutd,
708 3929 741 3986 in
754 3930 876 3988 Foedere
886 3930 1051 3989 Viennensi
1063 3931 1100 3987 de
1113 3930 1262 3988 veteribus

223 4021 411 4078 restituendis
424 4021 523 4079 nullus
537 4027 600 4080 erat
613 4041 718 4095 sermo,
726 4021 769 4080 ita
781 4028 817 4080 ut
829 4043 890 4100 pax
902 4023 989 4081 nullo
998 4023 1056 4080 alio
1069 4022 1261 4080 fundamento

223 4131 313 4187 quam
325 4111 419 4190 seipsi
431 4115 621 4172 stabiliretur.

732 4235 752 4282 F
828 4223 830 4227 ,
