2976 4784
688 284 736 364 45

199 503 308 561 usum
336 488 596 576 consequatur,
624 487 706 555 tum
731 505 848 577 prava
872 479 968 558 ratio
992 481 1138 578 agendi,
1156 488 1237 557 tum

199 603 318 682 omnis
335 603 424 680 fidei
440 603 595 681 eversio.
634 603 757 682 Voees
774 603 986 700 hujusmodi
1003 604 1237 679 introductas

196 727 369 813 vidimus,
383 751 452 803 nec
471 726 668 802 defuerunt
686 727 901 824 supradicta
916 727 979 799 illa
996 730 1235 802 consectaria.

247 851 319 930 His
339 850 455 948 igitur
479 851 624 946 positis,
650 851 793 922 nullum
820 858 877 924 est
903 851 1057 925 dubium
1080 852 1169 948 quin
1190 854 1239 929 ad

196 998 257 1053 ree
289 975 552 1053 restaurandas
592 975 639 1049 ab
675 973 834 1049 istorum
868 975 1078 1049 exclusione
1111 977 1237 1050 termi-

197 1122 332 1179 norum
348 1097 566 1195 incipiamus
585 1106 756 1195 oporteat
766 1123 777 1185 ;
801 1098 861 1173 cui
878 1098 1027 1195 quidem
1045 1100 1148 1196 operi
1159 1100 1238 1195 jam

164 1229 307 1320 'antea
346 1221 501 1298 Suuuus
534 1222 716 1297 Poumrux
750 1247 902 1298 manum
935 1222 1113 1310 admovit,
1149 1224 1239 1296 dum

198 1345 398 1428 catholica
421 1346 618 1444 Religioni,
640 1346 754 1419 immo
783 1345 1017 1433 Christianae,
1036 1347 1237 1435 adversari,

197 1471 432 1550 denuntiaret
456 1470 539 1548 illas
564 1471 667 1567 ipsas
693 1470 888 1558 dictiones,
911 1495 1015 1567 quas,
1038 1495 1085 1542 ex
1105 1471 1238 1567 seipsis

198 1594 299 1670 omni
318 1593 469 1689 proprio
495 1617 607 1666 sensu
633 1617 769 1680 carere,
789 1596 1011 1690 easdemque
1038 1594 1147 1667 simul
1171 1595 1237 1669 fal-

196 1715 307 1802 laces,
326 1716 387 1788 alii
398 1716 477 1810 jam
495 1716 813 1792 demonstrarunt.

246 1838 309 1914 Ad
321 1837 420 1913 hunc
432 1838 544 1911 finem
558 1837 756 1935 plurimum
771 1838 968 1911 conferunt
980 1837 1104 1913 Saerae
1115 1838 1238 1936 Scrip-

196 1970 303 2054 turas,
319 1961 520 2036 Catholicis
529 1958 543 2048 ';
563 1961 696 2057 quippe
714 1961 847 2057 quibus
862 1984 956 2036 onus
972 1962 1164 2035 incumbat
1176 1988 1238 2037 eas

198 2087 383 2175 studendi,
414 2094 452 2160 et
479 2110 605 2159 earum
633 2085 842 2158 naturalem
875 2084 1057 2181 imprimis
1089 2110 1238 2161 sensum

195 2211 407 2309 indagandi.
443 2210 506 2285 Ita
523 2210 693 2307 quaedam
711 2209 754 2282 fit
770 2210 994 2307 praeparatio
1010 2217 1066 2296 ut,
1085 2210 1238 2285 fallaciis

197 2334 401 2424 debellatis,
421 2335 590 2409 homines
609 2335 657 2408 ad
673 2334 865 2407 meliorem
881 2333 1026 2431 frugem
1043 2342 1237 2418 vocentur,

196 2467 308 2556 atque
329 2459 376 2532 ad
393 2459 652 2534 Paenitentiam
676 2458 915 2543 reducantur,
934 2459 1022 2553 quin
1047 2459 1123 2532 ulla
1148 2459 1237 2554 dog·

194 2592 339 2661 matum
350 2584 450 2662 ratio
464 2584 664 2671 habeatur„
693 2582 800 2658 Tales
814 2582 854 2655 in
869 2581 1060 2660 Catholicd
1072 2582 1239 2660 Ecclesia

194 2707 293 2789 rues
317 2708 438 2784 latent
464 2708 704 2793 absconditae,
731 2707 867 2803 quibus
896 2714 936 2781 et
964 2706 1047 2802 ipsa
1071 2706 1239 2783 Ecclesia

196 2850 279 2907 sese
307 2831 469 2925 gaudere
498 2830 654 2915 nesciat,
685 2837 724 2906 et
754 2852 846 2926 quas
878 2828 1036 2904 existere
1066 2830 1238 2903 nesciunt

196 2937 333 3038 caten,
352 2951 469 3027 donee
485 2952 639 3025 tandem
656 2950 852 3048 aliquando
870 2960 958 3026 actu
974 2937 1171 3045 prodeant.

245 3072 390 3152 Eodem
416 3073 492 3149 fere
520 3081 689 3169 tempore
717 3097 791 3171 quo
817 3072 1036 3147 immutatus
1056 3078 1115 3145 est
1138 3095 1236 3147 com·

145 3226 153 3239 ·
195 3195 322 3275 munis
349 3195 543 3271 hominum
573 3218 705 3269 sensus
735 3195 782 3268 de
810 3194 1008 3270 homicidio
1037 3195 1236 3290 patrando,

197 3316 307 3391 simul
323 3317 424 3392 facta
449 3326 508 3391 est
533 3317 691 3389 mutatio
710 3318 881 3414 quaedam
899 3317 1000 3413 quod
1020 3318 1068 3392 ad
1084 3318 1236 3394 modum

196 3449 343 3540 spectat
370 3467 445 3539 quo
477 3441 517 3521 in
547 3441 760 3515 civitatibus
795 3442 955 3538 Europae
988 3425 1050 3515 res
1080 3441 1237 3538 publicae

197 3574 359 3663 aguntur
371 3592 382 3658 ;
408 3566 463 3642 ita
488 3574 534 3638 ut
559 3588 696 3639 munus
724 3567 824 3662 quod
851 3566 940 3641 olim
959 3565 1114 3640 inferius
1137 3575 1237 3644 esset

196 3688 530 3769 administrationis
570 3688 762 3766 devenerit
800 3689 966 3763 omnium
1008 3713 1234 3787 supremum.

195 3811 308 3891 Hune
331 3813 583 3910 principatum
608 3811 763 3908 adipisci
786 3811 946 3909 contigit
969 3813 1022 3887 illi
1045 3813 1145 3910 parti
1162 3812 1237 3888 Gu-

194 3934 325 4023 bernii,
344 3937 404 4013 cui
419 3961 546 4013 rerum
563 3944 776 4014 exterarum
796 3961 886 4012 cura
907 3937 1089 4015 incumbit
1099 3962 1112 4024 3
1137 3938 1237 4014 unde

194 4065 278 4136 orta
290 4066 350 4137 est
366 4084 502 4138 aroana
512 4059 648 4156 agendi
660 4059 769 4149 ratio,
781 4058 867 4136 fons
884 4060 1090 4138 servitutis.
1126 4059 1237 4170 Hanc
