2976 4784
689 313 735 386 91

253 511 361 587 11116
379 512 528 610 quidem
546 512 644 602 vera,
665 513 799 587 solatio
817 521 947 611 posset
973 538 1056 588 esse
1071 512 1188 600 locus,
1208 512 1240 586 si

90 663 92 665 ·
121 732 123 734 v
200 635 493 712 aOardinalibus
507 636 654 710 tantinn
667 638 847 735 penderet
859 638 1080 712 Pontificem
1091 638 1237 734 eligere.

198 760 253 832 At
279 763 389 859 longe
418 763 526 834 aliter
555 785 616 834 res
645 785 685 834 se
712 761 837 834 habet.
889 762 988 834 Nam
1012 761 1155 834 externi
1171 761 1238 833 im·

197 885 327 981 pulsus
344 885 421 959 vim
444 885 586 957 habent
610 883 815 971 evincendi,
838 884 1004 981 nihilque
1029 892 1134 958 vetat
1152 908 1238 981 sup·

104 1017 106 1022 ’
199 1034 338 1106 ponere
366 1009 446 1083 haec
475 1016 678 1096 momenta,
714 1009 905 1106 hucusque
938 1009 978 1081 in
1005 1009 1240 1107 aequipondio

200 1133 327 1237 positi,
366 1159 479 1232 posse
525 1133 724 1231 aliquando
778 1136 818 1206 in
863 1160 979 1207 unum
1021 1136 1238 1208 coalescere.

200 1257 309 1349 Quod
343 1259 375 1333 si
410 1260 526 1346 fieret,
556 1259 699 1331 nullum
741 1267 957 1355 sequeretur
990 1261 1238 1345 commodum,

198 1385 311 1459 immo
340 1410 527 1460 summum
553 1385 775 1481 periculum;
804 1409 921 1458 exeo
948 1386 1049 1481 quod
1065 1384 1240 1459 Pontifex

199 1510 258 1583 via
275 1509 430 1584 electiva
446 1510 496 1583 sit
513 1509 754 1582 constitutus.

249 1633 372 1722 Quum
383 1633 465 1706 Rex
483 1631 645 1709 Gallicus
658 1632 829 1705 Romano
841 1632 1014 1706 Pontifici
1027 1632 1242 1706 Dominium

201 1757 421 1853 Temporale
445 1755 665 1840 restituerit,
693 1779 770 1827 non
794 1755 977 1828 absonum
1001 1755 1072 1827 fuit
1094 1755 1252 1852 ut'pro-¹

199 1882 343 1956 videret
359 1906 407 1954 ne
423 1880 519 1954 forte
537 1877 620 1975 quis
642 1879 758 1955 Gallis
784 1879 950 1953 infensus
966 1880 1006 1952 in
1023 1858 1242 1954 Pontificem

200 2006 411 2101 eligeretur,
429 2005 489 2079 vel
514 2028 562 2076 ne
580 2003 661 2099 quis
684 2028 768 2076 cum
786 2003 831 2076 iis
849 2003 988 2077 foedere
1004 2005 1064 2077 vel
1081 2002 1242 2076 amicitib

200 2130 421 2226 conjunctus
465 2125 675 2213 Guberniis,
711 2126 932 2223 quibuscum
975 2124 1072 2200 Galli
1103 2126 1242 2198 bellum

200 2260 402 2351 gererent;
448 2276 530 2348 quae
563 2251 703 2347 utique,
732 2251 772 2322 in
802 2250 910 2324 Italis
945 2258 983 2325 61
1017 2250 1241 2324 auctoritate

200 2378 395 2454 Pontificit
416 2377 487 2451 sibi
507 2376 747 2466 concilianda,
775 2376 978 2450 maximum
995 2375 1241 2450 aemulationis

199 2528 372 2601 campum
389 2507 626 2601 aperuerunt.
652 2553 654 2556 >
678 2501 876 2574 Annorum
889 2508 1015 2575 autem
1032 2502 1193 2576 decursu
1203 2509 1242 2574 61

199 2637 413 2714 eventuum,
427 2626 488 2700 alii
505 2625 617 2700 etiam
634 2626 860 2700 Potentatus
879 2627 995 2700 simile
1007 2627 1242 2725 privilegium

200 2751 437 2826 vindicarunt
462 2751 543 2838 sibi,
562 2757 606 2823 'et
631 2751 886 2823 obtinuerunt.
942 2750 1027 2824 Hoc
1049 2760 1174 2824 autem
1197 2777 1241 2826 eo

195 2876 280 2972 jure
306 2874 614 2960 constituebatur,
635 2875 788 2946 vetandi
818 2873 959 2946 seilicet
987 2899 1099 2946 6111116
1125 2876 1241 2948 exiis

202 2999 267 3095 qui
302 2999 350 3071 ad
391 2993 637 3069 Pontificatfis
683 2995 907 3092 dignitatem
948 2996 1241 3071 nominarentur.

203 3121 313 3212 Quod
333 3119 483 3217 quidem
508 3119 629 3190 tribus
654 3118 847 3215 hucusque
871 3116 1053 3192 Gentibus
1077 3128 1135 3193 est
1156 3145 1241 3194 oon-

202 3271 360 3332 cessum,
380 3243 509 3317 Gallias
525 3242 709 3330 videlicet,
728 3243 892 3316 Austriae
910 3251 949 3316 et
966 3242 1169 3340 Hispaniae.

254 3369 398 3461 Quibus
421 3393 468 3440 ex
485 3366 680 3454 Gentibus,
699 3367 819 3464 prima
841 3374 949 3465 paret
965 3367 1019 3439 illi
1035 3367 1116 3441 viro
1134 3393 1243 3464 quem

203 3495 365 3572 Gallicas
408 3492 534 3590 copias
568 3489 609 3563 in
645 3490 830 3565 Crimeam
872 3491 1017 3565 misisse
1059 3492 1241 3568 novimus.

202 3622 371 3695 Alteram
413 3616 588 3690 Minister
629 3615 691 3690 ille
741 3617 840 3713 regit
888 3616 952 3713 qui
994 3616 1140 3690 Russiae
1175 3643 1244 3716 ope

173 3745 466 3820 ’auctoritatem
508 3740 683 3827 obtinuit,
721 3740 857 3836 quique
894 3763 933 3813 se
971 3739 1147 3814 Pontifici
1181 3742 1244 3814 ob·

204 3871 383 3944 stiturum
411 3866 536 3964 palam
570 3873 629 3940 est
663 3865 868 3963 professus.
924 3864 980 3938 De
1018 3865 1060 3939 66
1093 3867 1246 3939 1611116111

205 3991 338 4079 Gente,
374 4015 456 4088 quae
489 3989 602 4063 1611111
635 3989 861 4076 nominatur,
896 3988 969 4062 hoo
1006 3990 1140 4063 saltem
1174 3989 1246 4063 dici

205 4123 344 4214 potest,
362 4114 484 4211 ipsam
499 4112 680 4211 imparem
699 4137 780 4187 esse
798 4137 879 4208 quae
897 4112 987 4208 quid
1003 4137 1070 4208 per
1087 4114 1248 4212 seipsam
1281 4184 1282 4189 ,
1385 4171 1389 4179 .
