2976 4784
703 362 776 433 110

482 611 616 686 Torius
634 608 768 685 Oruars
788 608 1002 686 eorerraro.

272 787 485 862 Periculum
497 786 536 859 in
553 785 763 885 propinquo
780 793 864 875 est3
891 787 996 883 cujus
1016 791 1190 884 aspectus
1208 785 1263 859 in-

221 912 350 988 formis
369 921 427 987 est
445 919 484 985 et
505 910 879 986 horrendus-Sane
904 910 1090 998 Pontifex,
1111 911 1264 1008 ejusque

221 1037 388 1112 Ministri
402 1036 567 1111 Poloniee
578 1043 781 1135 tyrannum
792 1060 860 1133 pro
874 1033 1077 1109 Seditionis
1088 1043 1261 1133 patrone,

222 1170 262 1237 et
278 1187 347 1261 pro
365 1161 514 1237 Motore
540 1169 579 1235 et
595 1162 835 1236 Moderatore
862 1159 1029 1234 omnium
1054 1159 1094 1233 in
1113 1158 1265 1258 Europt

223 1286 507 1376 Guberniorum,
537 1294 758 1386 agnoscunt.
811 1264 946 1375 Imm0,
986 1286 1156 1385 depositi
1186 1287 1266 1385 jam

222 1412 336 1501 larvis,
356 1414 581 1488 Potentatus
607 1413 670 1488 ille
698 1437 738 1487 se
764 1414 971 1512 proclamat
991 1413 1128 1503 unitati
1146 1413 1265 1488 Italiae

224 1541 387 1627 studere,
407 1564 451 1614 eo
469 1539 542 1613 fine
558 1548 603 1613 ut
629 1546 774 1613 evertat
799 1562 877 1614 non
900 1539 1010 1613 modd
1040 1536 1154 1636 (sicut
1178 1537 1265 1612 olim

179 1746 185 1756 ¹
218 1663 462 1761 jactabatur,)
488 1665 731 1761 Temporalem
756 1663 951 1738 Pontificis
976 1663 1264 1751 Auctoritatem,

222 1789 353 1864 verirm
377 1789 490 1864 etiam
509 1789 731 1886 Spiritalem.
786 1789 914 1863 Nihilo
944 1786 1067 1862 minirs
1093 1813 1134 1862 se
1157 1789 1265 1861 OEcu·

223 1915 409 1989 menicum
426 1915 685 2013 ingressurum
710 1913 913 2013 praetendit
930 1913 1138 1988 Concilium
1149 1940 1159 2002 ;
1197 1939 1267 1989 nec

223 2040 454 2139 ingressione
472 2049 686 2129 contentus,
705 2041 793 2121 inde
820 2041 1019 2115 detrudere
1045 2038 1202 2114 assumit
1228 2047 1267 2113 et

223 2164 448 2240 Perennem
466 2173 505 2239 et
521 2165 735 2240 universam
749 2164 957 2239 Ecclesiam
975 2164 1265 2254 Occidentalem,
1364 2264 1366 2268 μ

225 2292 314 2364 dum
328 2292 440 2366 fidem
451 2292 528 2380 dat,
540 2291 578 2364 id
591 2315 631 2366 se
648 2298 820 2365 acturum
833 2298 877 2363 ut
888 2289 1033 2388 Religio
1045 2290 1268 2364 restituatur

224 2416 324 2491 inter
342 2414 589 2505 Christianos,
609 2423 648 2490 et
665 2442 740 2515 pax
757 2425 796 2491 et
814 2416 1021 2491 concordia.
1059 2416 1156 2492 Vere
1175 2415 1268 2491 satis

224 2539 459 2614 admonitum
476 2547 546 2629 est,
566 2541 658 2615 satis
675 2543 941 2639 provocatuml

276 2664 387 2754 Quod
404 2664 452 2736 ad
469 2663 583 2738 animi
600 2665 860 2739 fortitudinem
877 2665 1025 2756 attinet,
1040 2690 1178 2764 magna
1194 2665 1269 2740 ista

225 2790 437 2864 nullatends
456 2791 561 2865 deest
577 2790 945 2866 virtus-Pennmnx
962 2792 1100 2867 etenim
1111 2793 1191 2890 jam
1205 2791 1270 2864 diu

226 2915 400 2990 Russiam
423 2917 473 2991 ad
498 2924 686 2992 certamen
711 2919 951 3016 provocavit:
982 2919 1165 3016 Legatum
1191 2917 1268 3014 ejus

227 3042 379 3116 dimisit.
433 3044 597 3141 Tempus
614 3044 744 3141 utique
769 3045 877 3118 adest
904 3043 1098 3118 consilium
1115 3042 1271 3116 ineundi

227 3192 300 3264 quo
324 3169 435 3244 modo
461 3169 598 3242 Russia
632 3169 683 3243 sit
711 3171 917 3243 coercenda
951 3176 990 3242 et
1019 3166 1267 3266 impedienda.

226 3293 359 3390 Neque
372 3294 506 3368 modus
524 3294 642 3367 deerit
662 3293 854 3391 quaerenti.
902 3293 1074 3369 Perfecta
1091 3293 1268 3391 cogniti0,

226 3416 424 3514 integritas
442 3417 618 3514 perfecta,
646 3417 860 3516 requiritur,
880 3425 923 3491 ut
940 3418 1019 3492 haec
1037 3425 1116 3492 tam
1133 3443 1271 3517 magna

227 3541 385 3616 facultas
438 3543 662 3618 obtineatur.
733 3544 909 3618 Forsitan
959 3543 1040 3618 haec
1081 3543 1271 3618 videbitur

228 3690 305 3739 non
322 3665 362 3737 in
379 3665 508 3740 nostrt
525 3675 648 3756 aetate,
667 3667 781 3742 immo
799 3668 839 3740 in
858 3668 970 3756 nullt,
990 3668 1127 3766 attingi
1144 3692 1268 3766 posse.

227 3790 420 3877 Attamen,
439 3791 552 3864 talem
572 3817 649 3888 prae
674 3817 714 3867 se
737 3792 865 3865 ferunt
886 3793 1061 3882 indolem,
1086 3801 1271 3891 quotquot

228 3915 342 3989 habet
359 3915 497 3989 Russia
514 3917 653 3989 Rerum
664 3918 904 3991 Publiearum
917 3919 1081 4016 peritos3
1111 3926 1149 3991 et
1166 3925 1271 3993 recto

230 4038 354 4114 omnia
371 4039 469 4114 irent
488 4065 611 4130 cursu,
634 4041 665 4115 si
683 4042 832 4139 quidem
850 4043 944 4117 alius
964 4051 1135 4140 surgeret
1153 4043 1271 4140 qualis

191 4166 194 4171 ’
228 4165 331 4240 haud
358 4164 413 4239 ita
438 4165 582 4264 pridem
608 4165 649 4241 in
672 4167 809 4268 Anglit
830 4167 902 4243 fuit
937 4167 1177 4246 Srowrrnos.
1224 4168 1271 4241 Id

156 4418 366 4504 Α
481 4366 484 4373 ,
