2976 4784
717 251 767 323 49

219 452 383 550 profecto
399 453 531 528 fuisset
556 452 676 526 Italiae
697 454 787 550 quin
807 478 851 526 eo
875 476 948 548 quo
965 449 1127 523 vidimus
1144 448 1256 522 modo

220 584 244 616 “
259 578 606 666 constitueretur’';
644 603 789 652 necnon
819 577 908 674 quin
943 600 1000 663 eo,
1028 598 1140 670 quem
1169 571 1268 647 mox'

218 701 425 776 videbimus
442 705 566 792 modo,
577 704 657 777 haec
670 698 959 777 “constitutio’'
971 699 1079 772 irrita
1090 697 1261 771 facienda

220 834 330 899 esset.
1142 828 1146 833 '

699 1028 774 1102 ΙΠ.

221 1172 389 1250 Salutem
416 1176 614 1251 Societatis
648 1203 716 1275 per
751 1179 872 1277 Leges
896 1181 1157 1292 tantummodo
1192 1181 1257 1256 ob·

319 1300 522 1374 tinendam.

270 1450 297 1523 J
298 1452 503 1549 ampridem
527 1453 649 1526 tertiae
672 1452 879 1543 Quaestioni
901 1462 1043 1528 nostras
1058 1454 1260 1552 responde·

221 1582 307 1661 tur;
332 1601 404 1662 nae,
423 1577 516 1649 satis
534 1601 717 1675 superque
736 1579 816 1674 jam
834 1586 893 1651 est
909 1561 1131 1674 responsum
1148 1564 1263 1675 quum

222 1699 423 1771 methodus
449 1700 563 1773 fuerit
591 1702 787 1798 proposita
823 1727 846 1773 a
879 1703 987 1776 nobis
1022 1704 1234 1776 adhibenda
1249 1728 1265 1775 :⁷

222 1822 302 1895 haeo
336 1832 461 1896 autem
489 1823 530 1896 in
553 1826 744 1897 liberando
783 1833 928 1898 mentes
954 1826 1149 1898 hominnm
1174 1850 1262 1899 con-

224 1948 374 2021 sistite
401 1948 590 2050 nonnullis
617 1948 784 2035 fallaciis,
822 1973 904 2044 quae
937 1973 1066 2022 omnes
1097 1949 1264 2047 profecto

225 2081 359 2171 sponte
389 2073 455 2146 sut
487 2079 727 2161 evanescunt,
759 2073 871 2145 simul
903 2099 947 2147 ac
985 2075 1162 2161 cernitur,
1187 2062 1265 2147 non

224 2197 346 2270 minis
359 2198 505 2295 peccari
521 2198 585 2270 ubi
601 2196 710 2269 multi
732 2199 912 2270 adversus
928 2199 1068 2271 multos
1079 2205 1265 2272 certantes

224 2323 425 2408 trucidant,
443 2322 627 2409 furantur,
646 2347 706 2394 res
724 2323 863 2396 alienas
880 2322 1161 2420 concupiscunt,
1173 2322 1267 2396 falsa

225 2448 382 2543 denique
399 2447 613 2522 testimonia
629 2448 835 2544 proferunt,
860 2471 904 2520 ac
927 2447 960 2519 si
977 2433 1114 2544 singuli
1134 2454 1267 2521 contra

225 2573 391 2670 singulos
426 2574 555 2646 eadem
590 2573 796 2647 admittunt
828 2572 1005 2647 facinora.
1075 2573 1168 2646 Haeo
1203 2573 1267 2670 qui

223 2698 378 2785 nesciat,
393 2699 520 2771 oculos
530 2699 644 2771 habet
657 2698 782 2772 divino
789 2698 930 2794 judicio
941 2700 1159 2773 obcaecatos.
1187 2696 1269 2788 Qut

225 2823 392 2896 caecitate
420 2830 557 2909 stante,
584 2821 658 2895 fere
688 2824 818 2895 eedem
843 2831 902 2896 est
926 2823 1063 2896 civium
1088 2818 1264 2908 conditio

225 2947 326 3041 quod
350 2946 399 3017 ad
425 2970 548 3019 mores
565 2945 712 3030 attinet,
731 2946 780 3018 ad
800 2946 1078 3032 conscientiam,
1101 2940 1264 3041 negotia,

226 3076 265 3139 et
281 3068 401 3164 ipsam
427 3068 585 3164 denique
608 3067 856 3154 existentiam,
881 3092 924 3141 ac
951 3068 994 3152 si,
1015 3066 1075 3163 (ut
1093 3068 1139 3138 de
1155 3069 1268 3140 rebus

226 3190 478 3265 materialibus
512 3191 736 3287 loquamur,)
785 3192 905 3263 omnis
950 3189 1158 3263 auferretur
1204 3189 1270 3261 lux

226 3315 408 3389 naturalis
427 3322 465 3387 et
483 3323 564 3387 arte
580 3315 693 3403 facta,
711 3311 834 3387 donec
845 3315 1014 3387 homines
1031 3314 1186 3386 tandem
1201 3338 1270 3409 per

141 3518 145 3523 ,
227 3443 401 3517 tenebras
414 3441 513 3514 viam
530 3449 719 3536 utcunque
735 3440 855 3514 facere
882 3447 1117 3537 cogerentur.
1163 3437 1269 3511 Tunc

229 3568 261 3640 si
283 3567 373 3665 quid
399 3593 422 3638 a
445 3565 619 3663 quopiam
635 3572 857 3653 tentaretur,
884 3566 933 3637 ad
957 3563 1115 3636 nihilum
1133 3563 1269 3637 misero

228 3690 453 3765 inservirent
486 3696 664 3774 conatus3
705 3712 795 3784 opes
830 3689 943 3762 etiam
968 3675 1205 3785 amplissimae
1231 3695 1270 3761 et

230 3817 279 3888 ad
303 3840 436 3888 manus
471 3813 604 3912 positae
632 3813 855 3887 esurientem
881 3803 1074 3886 dominum
1099 3819 1165 3884 aut
1191 3811 1268 3884 siti·

230 3948 354 4012 entem
384 3940 521 4013 satiare
550 3938 767 4036 nequirent:
796 3938 935 4036 periret
954 3937 1107 4010 tandem
1129 3935 1269 4022 infelix,

230 4063 465 4160 pereuntium
489 4063 601 4136 simul
625 4062 818 4136 hominum
842 4049 975 4135 foetore
993 4082 1205 4158 oppressus,
1225 4083 1270 4132 eo

739 4212 762 4262 c
