2976 4784
703 333 774 405 113

218 533 383 607 Iustitiae
400 531 519 606 tutele
543 539 723 630 provocat
748 538 792 604 ut
817 531 1004 606 inclinatae
1031 555 1071 606 se
1096 539 1262 631 opponat

219 657 334 731 aetati.
364 713 373 730 .
404 713 412 731 .
441 711 451 732 .
478 657 672 754 Legesque
707 664 857 730 revocet
885 657 1075 755 sepultas3
1105 713 1113 730 .
1144 714 1153 731 .
1182 665 1206 698 ‘⁶
1222 665 1264 730 ut

221 791 244 822 “
264 783 386 856 diseat
402 781 571 868 nostra,”
593 782 658 868 ait,
679 789 703 821 “
718 789 817 854 aetas
828 781 1024 854 arbitrium
1043 782 1167 856 subire
1184 783 1264 877 ejus

221 907 388 980 “estatis
414 883 538 1004 quam,
555 905 644 980 vert
670 905 885 1003 sincertque
911 907 985 980 fide
1013 904 1264 980 Christianam

221 1039 247 1071 “
264 1031 391 1118 fuisse,
439 1030 643 1105 Christiani
686 1055 816 1104 omnes
857 1031 1079 1129 profitemur
1096 1058 1107 1119 ;
1124 1030 1146 1062 ”
1176 1086 1185 1106 .
1216 1087 1225 1105 .
1254 1067 1267 1106 .-

221 1163 246 1195 “
264 1156 318 1229 ita
344 1164 388 1230 ut
426 1182 501 1255 pax
534 1156 634 1230 inter
674 1155 845 1230 homines
888 1157 1111 1231 restituatur
1138 1214 1147 1231 .
1177 1212 1186 1232 .
1215 1214 1224 1231 .
1254 1213 1263 1232 .

221 1289 245 1322 “
264 1281 421 1356 Difficile
438 1282 643 1379 negotium,
662 1289 819 1380 propter
846 1282 971 1356 studia
996 1283 1160 1380 partium
1177 1282 1264 1380 glis·
1328 1297 1334 1307 '

220 1413 245 1446 “
263 1407 434 1480 centibus
471 1407 591 1480 indies
630 1406 724 1479 odiis
760 1406 1018 1480 inflammata:
1058 1408 1123 1480 sed
1148 1408 1264 1481 tantis

221 1531 428 1627 “Regibus
458 1530 665 1627 (Lunevme
691 1531 833 1604 scilieet
859 1531 973 1604 XIII.
993 1539 1032 1604 et
1050 1530 1193 1605 Oinone
1211 1531 1261 1629 I.)

222 1653 357 1724 “nihil
383 1653 537 1749 dignum
571 1655 644 1726 nisi
684 1656 783 1750 quod
809 1655 966 1741 difficile,
993 1655 1066 1729 nisi
1093 1656 1190 1752 quod
1217 1658 1263 1729 ab

224 1782 247 1814 “
267 1775 348 1848 aliis
366 1775 539 1849 omnibus
557 1777 834 1874 desperatum.”

494 2234 633 2310 Gneus
660 2255 891 2329 1unnenns1s
917 2234 1010 2323 Due,

573 2383 617 2432 ue
642 2384 682 2434 tu
707 2383 820 2433 neuen
845 2360 923 2434 an

442 2483 655 2561 Hennueus
681 2509 781 2560 noun
806 2486 1044 2562 Veeuunnus.

429 4209 1025 4232 -----,.--.-

218 4258 348 4296 nonem:
378 4259 394 4295 u
412 4261 496 4297 nunno
514 4264 641 4301 niueum
659 4267 691 4302 nn
708 4267 844 4316 nmonuu,
861 4253 930 4316 745,
948 4269 1032 4304 suune
1055 4267 1260 4316 nunus-senum.
1314 4314 1316 4318 ¹
