2976 4784
721 279 768 349 39

227 477 396 574 politicas
424 477 584 574 Europae
608 476 664 549 ita
689 476 959 563 moderaretur,
982 482 1026 549 ut
1053 501 1268 574 supremum

227 602 403 699 regimen,
421 601 462 675 in
480 602 663 690 omnibus,
679 602 888 676 Russorum
905 600 1131 699 Imperatori
1148 603 1268 678 aufer-

226 735 342 801 retur.
379 729 483 801 Talia
499 728 614 802 fuisse
631 728 840 802 Russorum
858 727 1051 814 desideria,
1064 728 1153 801 talia
1166 737 1266 816 vota,
1334 713 1335 716 ¹

225 851 326 925 haud
344 852 542 926 difficulter
567 852 748 950 percipiet
775 852 943 950 quisquis
960 853 1020 926 vel
1040 852 1173 926 leviter
1188 878 1268 927 rem

227 976 462 1064 considerat3
496 985 534 1051 et
568 1002 615 1051 ex
644 978 782 1051 actuali
811 1002 938 1051 rerum
968 978 1139 1065 decursu,
1169 978 1268 1052 idem

221 1102 403 1198 judicium
432 1104 641 1177 necessario
669 1103 848 1201 exsurgit.
911 1103 965 1175 At
994 1103 1122 1178 reverd
1149 1106 1268 1202 majus

226 1227 403 1323 quiddam
420 1228 555 1315 evenit,
576 1254 687 1326 quam
706 1229 806 1326 quod
832 1228 973 1326 percipi
994 1227 1100 1302 facile
1124 1239 1264 1326 posset,

224 1352 285 1426 vel
302 1353 414 1427 etiam
431 1379 500 1450 pro
514 1353 682 1450 possibili
694 1353 833 1427 haberi.
880 1351 927 1425 Id
939 1378 1099 1451 namque
1110 1365 1268 1452 egerunt

225 1476 351 1566 Russi,
366 1485 410 1550 ut
421 1480 510 1551 dum
528 1477 848 1576 perturbationem
862 1478 950 1552 anni
964 1480 1061 1552 1848
1080 1489 1267 1578 pararent,

224 1602 297 1699 ipsi
312 1602 486 1676 Pontifici
512 1604 663 1701 ejusque
679 1604 865 1677 Ministris
891 1604 1054 1678 celarent
1076 1605 1165 1702 quid
1182 1631 1267 1703 age-

224 1734 333 1811 rent3
362 1727 526 1800 celarent
550 1728 712 1824 ligamen
730 1736 885 1814 aretum,
910 1728 1067 1801 tacitum
1085 1731 1266 1825 quamvis

226 1874 298 1946 quo
310 1851 625 1947 conjungerentur
635 1860 674 1925 et
685 1877 769 1926 oum
780 1852 914 1949 Anglis
926 1860 964 1925 et
976 1874 1061 1926 oum
1072 1852 1265 1942 seditione,

225 1975 517 2073 simularentque
544 1976 647 2048 omni
672 1975 760 2048 nisu
787 1976 927 2064 conari,
957 1983 1000 2048 ut
1027 1983 1109 2048 tum
1137 1987 1268 2052 eontra

223 2100 380 2197 Anglos,
399 2107 482 2173 tum
495 2107 627 2173 contra
641 2100 870 2187 seditionem,
887 2099 1107 2174 Pontificem
1120 2107 1268 2175 tueren-

224 2233 298 2298 tur.
352 2225 449 2298 Tum
472 2225 680 2324 pecuniam,
703 2232 784 2297 tum
815 2224 942 2322 copias
972 2225 1151 2300 militares
1186 2251 1268 2302 sese

224 2349 449 2448 amplissime
473 2351 627 2424 daturos
653 2350 913 2448 praestiterunt
925 2350 1039 2424 Russi
1051 2378 1060 2438 3
1097 2376 1165 2425 neo
1183 2378 1266 2426 eru-

221 2477 384 2549 buerunt
401 2477 491 2548 dum
514 2475 655 2572 gratias
681 2458 818 2572 agebat
843 2474 1018 2548 Pontifex
1040 2476 1149 2573 quod,
1169 2476 1266 2550 Rus-

223 2625 350 2674 sorum
364 2601 487 2699 opert,
499 2601 636 2674 milites
651 2598 749 2675 Galli
759 2601 808 2674 ad
820 2600 979 2675 Romam
993 2601 1263 2676 defendendam

222 2727 327 2801 missi
344 2728 540 2802 fuissent*
1168 2706 1169 2709 Ἴ

273 2853 362 2925 Non
379 2861 437 2925 est
456 2876 521 2925 eur
535 2853 729 2926 credamus
748 2851 970 2926 Pontificem
986 2852 1141 2926 oblitum
1155 2855 1264 2929 Polo-

223 2974 294 3047 niae
308 2974 439 3071 patriis
452 2974 595 3070 legibus
610 2974 798 3071 spoliatae3
819 2983 857 3050 et
873 2976 1083 3050 Russcrum
1098 2977 1263 3074 Impera·

263 3271 282 3310 θ
303 3267 404 3326 “Jam
425 3286 443 3324 a
466 3285 566 3324 mense
590 3266 752 3340 Febnrarii,
768 3286 846 3325 anno
862 3268 948 3342 1848,
964 3267 1150 3326 Gubernium
1165 3269 1266 3330 Petro

221 3362 387 3439 politanum
409 3360 464 3417 hoc
485 3360 573 3417 modo
594 3360 749 3436 epistolam
778 3360 860 3418 misit
891 3361 929 3418 ad
956 3360 1131 3420 Pontificem
1159 3363 1266 3423 Roma-

221 3475 294 3513 num
306 3458 364 3514 :—‘
376 3452 484 3512 Procul
498 3452 596 3528 dubio,
612 3453 737 3511 Sanctus
760 3452 850 3511 Pater
862 3453 1076 3530 Imperatorem
1090 3455 1266 3517 Russiaeum

220 3550 307 3608 valde
320 3548 378 3606 sibi
390 3548 517 3605 amioum
541 3547 683 3620 inveniet,
698 3547 751 3624 qui
773 3547 832 3605 niti
845 3547 919 3605 velit
939 3553 974 3605 ut
987 3547 1082 3606 omnis
1096 3551 1263 3625 auctoritas,

221 3649 286 3701 tum
307 3641 485 3718 temporalis,
507 3647 573 3699 tum
594 3640 765 3718 spiritualis,
790 3640 931 3700 Pontifici
952 3642 1145 3716 restituatur3
1166 3646 1265 3704 omnia

221 3742 309 3814 agent
336 3734 426 3793 Russi
452 3753 636 3811 quaecunque
662 3735 700 3792 ad
727 3735 807 3793 hunc
840 3735 930 3793 finem
961 3734 1057 3792 facere
1083 3728 1242 3807 videantur
1253 3760 1263 3814 3

220 3831 303 3888 abest
316 3829 427 3888 etenim
441 3847 459 3886 a
472 3827 636 3886 Russorum
651 3828 737 3886 corde
751 3827 847 3886 omnis
855 3828 991 3886 simultas
1005 3848 1074 3906 erga
1087 3830 1264 3890 Pontificem

221 3922 389 3981 Romanum
399 3943 409 3997 3
424 3922 528 3995 omnis,
540 3922 629 3980 etiam
637 3921 788 3998 religionis
798 3921 893 3994 causi,
903 3927 1006 3979 exorta
1014 3922 1239 3984 malevolentia’
1247 3924 1264 3951 ”

220 4015 378 4088 -Farina,
400 4015 482 4075 State
505 4015 647 4089 Romano,
670 4021 740 4073 tom.
764 4014 805 4072 ιιι.
826 4036 853 4092 p.
878 4015 946 4072 215.
989 4014 1069 4074 Vide
1089 4015 1180 4093 Opus,
1205 4017 1264 4075 rte

220 4107 295 4167 Euat
307 4107 370 4166 ared
382 4108 427 4167 tlte
445 4108 524 4182 West,
540 4109 672 4167 Auctore
686 4108 780 4167 nobili
793 4109 857 4167 viro
871 4107 912 4166 H.
930 4107 1059 4186 Stanley.
