2976 4784
713 300 760 373 37

221 503 340 582 Danis
369 511 407 580 et
435 501 598 598 Europae
623 500 891 597 imponeretur,
920 505 1056 574 auctor
1082 499 1154 574 fuit
1183 501 1266 600 ipsa

220 629 372 728 Anglia.
425 627 543 703 Aliud
567 626 691 701 foedus
710 625 870 700 Londini
887 626 1035 714 initum,
1055 626 1113 702 die
1131 637 1266 703 octavo
1369 608 1372 616 ¹

219 755 311 833 Maii
347 755 458 841 1852,
493 753 741 850 protocollum
774 750 1025 825 Varsoviense
1065 776 1266 850 concorpo-

220 881 333 968 ravit,
361 881 442 977 jam
486 877 735 952 constitutum
774 877 993 974 praedicam,
1027 901 1140 974 seque
1172 879 1266 952 nihil

221 1006 344 1078 adhuc
372 1003 442 1080 sibi
458 1003 552 1077 velle
579 1002 650 1074 nisi
677 1009 721 1075 ut
744 1002 990 1098 protocollum
1014 1002 1117 1076 istud
1145 1003 1267 1076 atott

222 1127 373 1226 europs
399 1126 618 1201 sanciretur.
671 1124 755 1215 Quo
780 1125 893 1213 facto,
920 1125 1122 1223 Deputatis
1149 1128 1267 1202 Danis

220 1253 319 1327 idem
336 1253 471 1340 foedus,
491 1251 597 1349 quasi
614 1252 777 1348 Europae
792 1251 976 1325 universae
1002 1254 1266 1342 necessarium,

220 1379 456 1477 propositum
500 1385 568 1451 est.
647 1375 792 1449 Iterum
841 1374 1051 1470 iterumque
1102 1377 1265 1452 dimissis

222 1502 434 1600 Deputatis,
466 1500 688 1597 rursumque
723 1501 949 1588 convocatis,
981 1501 1082 1599 leges
1113 1501 1266 1577 Danicae

221 1634 377 1699 mutatae
405 1632 505 1711 sunt,
524 1649 568 1698 ac
585 1624 740 1721 proinde
765 1625 836 1698 hoc
860 1624 980 1699 foedus
999 1626 1102 1699 Juris
1128 1627 1268 1702 habere

222 1750 336 1847 coepit
352 1749 529 1845 vigorem.

274 1874 367 1947 Haec
385 1871 511 1946 omnia
531 1896 575 1947 eo
593 1871 803 1945 accuratius
829 1872 1023 1946 referenda
1040 1875 1265 1964 censuimus,

225 1998 323 2097 quod
349 2024 395 2072 ex
420 1998 491 2070 hoc
518 1996 672 2094 negotio
704 2007 795 2093 (quo
828 1996 922 2069 nihil
947 1997 1083 2070 tetrius
1113 2007 1181 2071 aut
1209 1999 1265 2072 in·

225 2122 382 2221 sanius)
399 2132 483 2197 orta
500 2131 570 2209 est,
589 2121 691 2195 nulla
708 2145 749 2194 re
762 2121 1029 2209 intercedente,
1048 2123 1128 2197 haec
1141 2149 1267 2199 rerum

225 2250 419 2325 conversio
435 2250 475 2321 in
494 2248 565 2346 qud
585 2248 817 2345 jactitamur.
1124 2255 1126 2258 ’

274 2375 332 2449 Ea
357 2400 441 2473 quaa
465 2374 563 2446 inter
588 2373 717 2447 Danos
743 2380 827 2447 acta
853 2371 1025 2461 diximus,
1051 2373 1154 2448 intra
1169 2372 1267 2448 illius

223 2500 347 2599 gentis
373 2499 556 2575 ambitum
582 2495 825 2595 quinquennii
850 2522 1001 2574 cursum
1030 2497 1264 2574 habuerunt:

131 2649 135 2657 ·
223 2651 270 2701 ex
304 2626 427 2700 edicto
472 2625 571 2698 enim
612 2624 699 2697 anni
743 2625 855 2710 1846,
899 2647 1019 2720 usque
1053 2625 1101 2697 ad
1143 2625 1266 2699 foedus

223 2750 486 2836 Varsoviense,
523 2748 612 2821 anni
647 2748 767 2834 1861;
812 2747 945 2820 exinde
980 2747 1141 2824 civitatis
1175 2750 1269 2824 fines

223 2882 502 2970 praetergressa‚
517 2897 584 2968 per
595 2872 804 2967 quindecim
816 2897 934 2945 annos
949 2872 1141 2970 Europam
1158 2897 1266 2970 pera·

225 3006 396 3094 grarunt,
414 3021 438 3070 a
454 2997 593 3070 foedere
610 2996 853 3070 Varsoviensi
877 3021 996 3092 usque
1022 2997 1069 3070 ad
1086 2998 1267 3094 praelium,

226 3146 323 3197 anno
346 3120 457 3208 1866,
484 3118 652 3193 Sadowae
670 3119 909 3193 dimicatum:
942 3127 979 3192 et
997 3119 1118 3206 simul,
1138 3122 1269 3195 eodem

224 3245 407 3343 temporis
434 3243 644 3330 intervallo,
663 3243 702 3316 in
720 3242 830 3316 Italid
853 3244 1099 3340 colligebatur
1120 3245 1267 3335 messis,

225 3396 292 3468 per
319 3369 573 3468 apographam
597 3368 699 3440 illam
729 3368 819 3442 anni
847 3365 957 3455 1847,
986 3377 1024 3442 et
1049 3394 1072 3440 a
1092 3369 1269 3447 missione

225 3495 376 3570 Domini
402 3495 537 3581 Minto,
557 3491 751 3567 seminata.
803 3493 927 3567 Variae
959 3493 1107 3590 quidem
1137 3495 1270 3571 Russis

225 3623 355 3696 adesse
368 3627 545 3719 poterant
558 3642 679 3693 causae
694 3643 761 3693 cur
773 3618 920 3692 Italiam
937 3618 1182 3717 impeterent:
1202 3622 1269 3695 foe-

226 3747 391 3821 cundum
408 3745 528 3819 Italiae
555 3744 677 3818 solum
701 3769 778 3819 non
794 3745 924 3843 paucis
946 3771 1074 3818 earum
1091 3749 1270 3822 mercium

224 3871 430 3946 vendendis
441 3871 626 3957 obstabat,
640 3894 723 3965 quae
733 3870 868 3972 Russis
881 3895 950 3968 pro
961 3870 1111 3945 fortund
1121 3882 1268 3961 essent3

226 3994 354 4083 immo,
385 3995 450 4069 uni
481 3995 641 4082 cuidam,
665 4020 803 4093 magno
820 3994 949 4068 revera
980 4003 1060 4069 erat
1083 3998 1268 4093 periculo:

228 4118 326 4194 siout
343 4127 382 4194 et
407 4120 508 4208 olim,
529 4145 707 4218 magnam
734 4121 967 4196 occasionem
992 4122 1171 4219 praestitit
1188 4131 1271 4196 tum
