2976 4784
691 311 738 382 85

195 513 311 610 justa,
347 509 507 607 sapiens,
543 506 711 581 benefica
749 505 811 581 sits
880 505 1049 580 Romans
1081 505 1246 581 Ecclesid

202 637 342 709 sciente
375 634 464 730 quid
503 640 608 730 agat,
646 631 836 705 incassum
871 632 1076 705 reddentur
1115 655 1245 705 omnes

200 759 569 858 argumentationum
591 757 756 843 fallaciae,
777 757 901 830 omnia
919 756 1154 829 irridentium
1172 756 1246 853 spi·

202 886 296 959 cula.
350 886 402 956 At
430 884 496 957 ubi
522 883 697 956 Pontifex
727 884 826 956 mere
857 882 1104 957 comminatus
1133 881 1248 955 fuerit

203 1035 244 1084 se
290 1009 380 1082 talia
422 1009 550 1082 iniisse
593 1008 758 1094 consilia,
803 1007 1006 1082 instantibs
1049 1008 1249 1105 insurgent

202 1133 371 1208 homines
404 1141 450 1205 ut
478 1133 696 1207 Dominium
727 1132 845 1206 Civile
886 1133 1024 1205 tollant
1046 1132 1246 1204 Pcnrnuor.

182 1248 360 1332 'Interim
393 1259 623 1330 tumultuum
656 1257 815 1355 agitatio
849 1258 1137 1354 percrebrescat,
1172 1264 1248 1329 ter·

200 1408 307 1459 rores
340 1385 541 1457 vexabunt.
595 1382 643 1455 In
682 1381 848 1457 Concilio
888 1382 1029 1457 scilicet
1066 1382 1249 1454 Ponmrnx

202 1510 396 1583 Romanus
437 1507 601 1605 lapidem
643 1507 784 1594 erexit;
827 1506 1028 1604 requiritur
1069 1530 1250 1580 conamen
1331 1551 1334 1557 ,

204 1632 403 1728 quoddam,
414 1631 563 1727 ingens,
574 1630 813 1726 desperatum
830 1639 869 1704 et
887 1632 1062 1717 salutare,
1077 1638 1121 1702 ut
1137 1630 1249 1726 hujus

203 1754 339 1850 lapidis
364 1754 482 1826 moles
524 1760 768 1839 sustentetur,
804 1779 852 1827 ne
887 1752 1248 1840 cadat-eumdem·

206 1903 278 1974 que
304 1878 522 1974 propulsare
545 1878 669 1950 donec*
686 1900 816 1951 omnes
839 1876 990 1950 collidat
1016 1877 1248 1973 reprobatos.

207 2001 290 2092 Qud
314 2003 354 2074 in
370 2026 412 2075 re
437 2001 586 2073 minimb
613 2001 843 2075 omittendus
869 2010 927 2075 est
950 2025 1083 2075 sensus
1099 2003 1250 2076 Allocu·

206 2127 321 2200 tionis
364 2151 477 2224 quam
519 2125 694 2201 Pontifex
736 2151 835 2200 anno
874 2129 973 2201 1864
1014 2127 1177 2201 habebat
1190 2154 1252 2200 ι·-

208 2258 232 2291 r
247 2231 328 2326 uu
351 2277 374 2324 a
403 2250 509 2325 oran
544 2250 730 2325 societate
764 2250 835 2324 fus
868 2260 995 2326 amosa
1024 2252 1181 2351 Religio,
1212 2260 1252 2326 et

208 2376 444 2476 “repudiata
468 2376 614 2451 Divinas
637 2377 888 2450 Revelationis
915 2377 1085 2452 doctrina
1110 2385 1149 2451 et
1166 2402 1250 2451 auc·

209 2509 232 2542 “
247 2502 394 2590 toritas,
421 2503 481 2575 vel
511 2501 593 2599 ipsa
626 2527 805 2600 germana
834 2501 1001 2575 Justitiae
1025 2502 1252 2599 humanique

208 2635 232 2667 “
247 2627 352 2701 Juris
386 2627 491 2701 notio
525 2627 690 2701 tenebris
725 2627 948 2701 obscuratur
981 2634 1021 2701 et
1049 2628 1248 2715 amittitur,

209 2759 234 2792 “
248 2761 360 2849 atque
380 2752 420 2823 in
435 2776 536 2826 verae
559 2751 585 2824 J
585 2752 725 2825 ustitia)
745 2752 975 2849 legitimique
991 2752 1095 2826 Juris
1114 2754 1250 2839 locum,

211 2884 234 2916 “
248 2876 454 2949 Materialis
490 2876 734 2948 substituitur
767 2876 858 2950 Vis:
902 2876 991 2949 inde
1028 2876 1147 2973 liquet
1185 2901 1252 2951 our

211 2999 419 3071 “nonnulli
460 2999 679 3072 certissimis
727 3000 816 3071 sane
856 2999 1014 3071 rationis
1060 2999 1252 3095 principiis

210 3129 234 3163 “
249 3120 399 3219 penitbs
425 3121 607 3217 neglectis
631 3121 939 3219 posthabitisque,
974 3123 1138 3195 audeant
1163 3148 1252 3197 con·

211 3246 410 3320 “clamare
435 3246 691 3320 ‘voluntatem
715 3246 853 3343 populi,
881 3245 1027 3344 publicd
1052 3253 1096 3318 ut
1123 3246 1254 3320 dicunt

212 3379 235 3412 “
250 3370 437 3469 opinione,
455 3372 515 3444 vel
538 3370 609 3444 alid
631 3372 788 3458 ratione,
807 3371 1096 3458 manifestatam,
1115 3373 1252 3445 consti·

211 3504 355 3569 “tuere
372 3519 584 3593 supremam
600 3497 721 3593 legem
739 3497 785 3569 ab
804 3496 1060 3571 omni'Divino
1073 3496 1253 3572 humano·

212 3628 237 3662 ‘⁶
252 3647 324 3718 que
340 3621 432 3694 June
458 3621 644 3707 solutam;
672 3629 710 3694 et
734 3621 774 3693 in
798 3621 927 3695 ordine
947 3621 1110 3719 politico,
1131 3621 1255 3696 ‘facta

212 3753 237 3786 “
251 3745 531 3821 consummata'
563 3772 607 3820 eo
632 3746 716 3845 ipso
743 3747 844 3843 quod
869 3754 1128 3821 consummata
1151 3754 1252 3836 sunt,

213 3876 236 3909 “
250 3871 326 3943 vim
343 3870 447 3944 Juris
463 3869 624 3944 habere.'
640 3870 664 3903 ''

251 3994 361 4067 'Ecce
377 3996 573 4068 vexillum!
627 3997 682 4069 At
707 4021 784 4084 eos,
803 3996 836 4070 si
862 3997 926 4094 qui
952 3997 1153 4093 objectent,
1182 3996 1254 4070 sci·

213 4116 302 4191 licet
327 4142 350 4190 a
366 4117 535 4198 Romant
555 4117 698 4216 (forsan
723 4122 771 4196 ab
788 4119 906 4218 omni)
933 4119 1098 4195 Ecclesia
1114 4120 1255 4195 alienos
