2976 4784
689 275 737 348 34

189 481 217 515 “
232 473 387 549 Moralis
420 472 591 548 Influxus
604 471 627 506 ’³
663 497 799 547 nomen
833 473 1007 561 inditum,
1044 497 1119 547 non
1156 477 1237 573 jam

191 599 348 698 amplius
364 598 596 671 incumberet
615 597 797 672 societati.

239 723 364 796 Variis
377 748 423 796 ex
436 722 557 796 causis
570 723 630 796 via
639 723 905 821 parabatur,ut
915 720 1079 820 Europa,
1092 724 1235 814 eadem,

190 873 273 946 quae
297 851 338 920 in
368 874 466 922 anno
495 849 606 935 1830,
633 848 693 921 vel
722 847 834 921 etiam
864 846 910 920 iis
937 847 1094 944 majora,
1122 851 1233 938 mala,

189 975 309 1048 denub
327 999 426 1047 anno
453 975 551 1046 1848
580 973 794 1046 sustineret.
849 970 983 1046 Oausae
1011 981 1139 1046 autem
1164 974 1233 1048 hu·

182 1099 349 1196 jusmodi
365 1099 541 1173 fuerunt:
570 1125 684 1195 grave
702 1123 798 1172 onus
829 1097 1094 1195 vectigalium
1122 1124 1234 1173 omne

185 1224 471 1299 fundamentum
503 1231 670 1298 amotum
709 1224 814 1320 cujus
854 1248 924 1320 ope
953 1223 1096 1319 judicia
1122 1223 1232 1297 effor-

185 1374 288 1423 mare
317 1358 473 1448 possent
499 1348 693 1436 homines;
730 1349 896 1422 carentia
919 1347 1040 1422 omnis
1067 1351 1230 1423 auctori·

185 1475 278 1548 tatis
315 1499 397 1571 quae
433 1474 523 1570 quid
551 1474 808 1571 contemplatu
832 1474 979 1570 justum
1015 1474 1230 1571 explicaret,

186 1598 321 1696 quidve
338 1625 411 1673 usu
427 1599 634 1696 proficuum
648 1625 658 1686 ;
687 1599 798 1672 fictus
819 1599 953 1672 modus
971 1599 1108 1695 agendi
1125 1599 1172 1673 de
1189 1625 1231 1673 re

184 1723 403 1811 nummarii,
422 1725 522 1796 unde
543 1723 749 1797 identidem
769 1722 1073 1821 perturbationes
1099 1723 1231 1797 fierent

183 1874 336 1923 necesse
354 1857 458 1923 erat:
491 1873 638 1945 magnae
667 1848 819 1922 demum
849 1872 1025 1946 expensae
1053 1847 1162 1921 factae
1181 1849 1228 1921 ab

183 2000 258 2048 uno
273 1976 435 2072 quodam
453 1975 499 2048 de
518 1973 793 2070 Guberniorum
806 1958 975 2060 numero,
990 1972 1229 2070 ejusdemque

181 2099 332 2173 assidua
362 2098 542 2197 operatio,
567 2123 645 2173 non
668 2099 740 2172 alio
763 2097 979 2196 praestituto
1011 2097 1084 2170 fine
1116 2122 1228 2194 quam

180 2231 224 2297 ut
249 2250 317 2323 per
341 2233 462 2299 totam
483 2222 686 2322 Europam,
713 2230 886 2310 secretas,
915 2222 1097 2319 novisque
1113 2224 1228 2297 rebus

181 2350 359 2437 intentae,
379 2349 493 2422 cieret
515 2348 724 2424 societates,

234 2475 294 2548 Ex
309 2472 654 2572 perturbationibus
673 2474 771 2547 circa
788 2497 929 2548 annum
942 2473 1039 2546 1848
1052 2450 1225 2570 inceptis,

179 2597 362 2698 praecipue
381 2598 500 2671 oritur
516 2597 548 2671 is
566 2598 630 2696 qui
646 2623 747 2672 nunc
773 2573 1082 2672 dierum'obtinet
1099 2623 1227 2672 rerum

181 2732 325 2799 status:
356 2724 518 2821 primum
543 2723 756 2822 impulsum,
774 2724 814 2796 in
832 2723 1042 2797 Russorum
1066 2724 1226 2821 gratiam

181 2850 365 2923 dederunt
393 2849 520 2947 Angli.
573 2851 634 2923 Ab
664 2847 838 2924 Helvetii
863 2849 1054 2946 inceptum
1073 2857 1142 2937 est,
1161 2850 1227 2922 ubi

178 2977 316 3049 bellum
347 2974 454 3050 civile
482 2985 668 3073 eruperat,
699 2975 797 3048 fictis
829 2973 1054 3071 quibusdam
1088 2973 1225 3048 habitis

177 3099 508 3199 negotiatiOnibus,
523 3101 635 3174 modo
652 3100 751 3188 huic,
771 3099 882 3172 modo
900 3098 966 3186 illi,
986 3097 1197 3172 faventibus
1213 3125 1223 3186 ;

179 3223 240 3296 oui
275 3224 454 3298 successit
488 3223 630 3297 famosa
660 3224 735 3310 illa,
772 3247 900 3296 mense
929 3222 1105 3297 Octobris
1136 3223 1225 3297 anni

180 3345 276 3420 1847
304 3348 392 3420 data
420 3348 646 3444 apographe,
677 3371 759 3443 quae
776 3347 971 3420 Austriam
989 3345 1224 3420 denuntiavit

177 3471 217 3545 in
235 3471 385 3545 Italiam
410 3471 699 3560 machinantem,
720 3471 863 3569 quique
889 3472 1010 3544 minas
1027 3470 1143 3568 Angli
1167 3471 1222 3543 in·

177 3603 382 3668 tentarunt.
436 3595 579 3669 Deinde
592 3596 740 3693 legatus
758 3604 817 3671 est
831 3596 1015 3670 Dominus
1033 3597 1156 3670 Minto
1175 3597 1224 3670 ad

177 3744 305 3794 omnes
333 3719 453 3792 Italiae
481 3720 664 3820 civitates,
690 3722 754 3818 qui
776 3722 900 3820 palam
924 3722 1223 3796 moderatoribus

176 3846 389 3943 injungeret
424 3847 653 3921 mutationes
688 3847 870 3943 quasdam
907 3846 948 3919 in
991 3849 1104 3922 rebus
1144 3846 1221 3922 suis

174 3971 335 4069 propriis
363 3969 595 4069 internisque
622 3970 822 4059 faciendas,
850 3997 920 4046 neo
947 3972 1071 4046 mimis
1097 3972 1222 4071 palam

174 4094 321 4191 plebem
337 4095 476 4194 ubique
487 4098 535 4170 ad
548 4094 830 4171 desciscendum
841 4096 1031 4170 invitaret.
1068 4095 1222 4195 Europa
