2976 4784
567 261 756 353 Ι27

219 475 375 552 extincti
417 476 565 567 miiites,
600 476 748 574 rogatio
790 476 920 554 volens
957 487 1002 552 ut
1041 478 1081 552 in
1119 477 1260 555 factum

219 602 478 698 inquireretur,
503 602 605 676 omni
630 602 752 676 caruit
779 601 914 677 effectu
926 629 936 691 ;
964 609 1077 701 atquc
1110 602 1259 695 iteriim,

219 725 392 800 vindictae
434 727 694 801 tantummodo
735 725 858 816 causi,
894 728 941 802 de
974 727 1168 803 invasione
1202 738 1261 805 est

218 851 474 926 deliberatum.

269 977 484 1073 Antequam
510 976 581 1050 hoc
611 979 724 1050 modo
750 976 853 1050 omni
878 977 954 1074 juri
983 985 1066 1050 tum
1096 976 1261 1051 humano

220 1108 302 1173 tum
325 1101 450 1174 divino
474 1103 602 1199 aperte
626 1110 686 1175 est
701 1101 939 1190 valedictum,
958 1102 1020 1176 via
1031 1101 1112 1199 jam
1128 1089 1262 1200 parata

220 1233 301 1299 erat
330 1228 379 1300 ad
408 1252 472 1301 eos
503 1228 567 1325 qui
593 1227 662 1302 hac
689 1228 729 1299 in
756 1236 862 1325 parte
897 1227 1063 1301 criminis
1097 1226 1188 1302 noti
1222 1250 1262 1301 sc

220 1353 508 1427 maculassenta
534 1352 666 1428 meriti
689 1351 801 1451 poeni
825 1353 1050 1426 liberandos.
1102 1352 1262 1426 Pactum
1328 1398 1332 1404 -

221 1478 407 1572 quoddam
440 1478 575 1552 initum
608 1487 668 1553 est
694 1479 839 1575 Anglos
865 1478 965 1551 inter
992 1484 1031 1550 et
1058 1477 1259 1574 Hispanos,

221 1602 322 1697 quod
338 1603 459 1698 juxta,
479 1603 511 1677 si
528 1604 611 1702 quis
634 1604 843 1701 alienigena
860 1604 1032 1700 deinceps
1049 1603 1146 1677 bello
1164 1603 1263 1677 civili

222 1733 313 1796 tunc
341 1726 515 1798 aestuanti
545 1751 626 1801 sese
655 1728 956 1814 intermiscuerit,
977 1734 1016 1799 et
1044 1752 1068 1799 a
1092 1728 1261 1823 partibus

223 1847 388 1922 adversis
405 1857 537 1946 captus
555 1849 679 1937 fisarit,
697 1875 775 1922 non
801 1854 923 1946 capite
946 1850 1166 1947 plectendus
1189 1849 1261 1936 sit;

222 1973 315 2045 dum
332 1998 354 2048 e
371 1984 504 2048 contra
518 1973 582 2070 qui
604 1974 658 2046 ita
675 1981 776 2072 agat,
794 1981 835 2047 et
852 1973 974 2072 pirata
991 1971 1120 2048 reveri
1136 1979 1205 2061 est,
1225 1982 1264 2048 et

223 2123 291 2195 pro
315 2098 436 2197 piratii
456 2101 540 2197 jure
563 2101 756 2174 habeatur.
809 2100 885 2174 Res
914 2099 1073 2173 artificio
1103 2100 1263 2196 quodam

222 2232 373 2320 peracta
390 2232 459 2298 cst.
512 2224 560 2298 In
575 2224 657 2323 ipsi
675 2223 931 2299 Conventione
948 2224 1051 2297 nulla
1068 2222 1115 2297 de
1139 2223 1261 2298 alieni-

221 2350 344 2446 genis·
363 2351 408 2423 fit
441 2351 594 2432 mentio.
648 2352 815 2449 Legatus
845 2348 1057 2446 Anglorum
1086 2374 1164 2422 non
1192 2347 1264 2422 alia

149 2461 152 2466 ’
221 2475 366 2549 ratione
391 2476 533 2549 moveri
555 2475 705 2549 videtur
728 2499 840 2572 quam
863 2480 908 2545 ut
928 2472 1153 2546 humanitati
1176 2490 1262 2547 con.‘

223 2600 379 2672 sulatur.
433 2600 505 2687 Ita,
524 2600 769 2673 humanitatis
788 2597 888 2695 ergo,
905 2597 1011 2694 quasi
1027 2597 1067 2669 in
1084 2598 1263 2672 honorem
1397 2667 1403 2678 ,

222 2725 349 2821 magni
371 2725 497 2798 nescio
525 2727 630 2822 cujus
657 2725 747 2798 idoli
779 2723 951 2808 crudelis,
989 2721 1137 2819 utrique
1166 2722 1265 2819 parti

225 2849 415 2934 suadetur,
442 2857 487 2920 ut
520 2850 626 2923 finito
653 2849 794 2945 praelio,
821 2848 868 2922 ab
903 2848 1115 2922 hominibus
1149 2848 1264 2926 inter„

226 2969 391 3042 ficiendis
411 2994 493 3042 sese
510 2972 736 3044 abstineant.
753 2970 773 3016 *

276 3092 324 3165 In
365 3093 462 3165 bello
505 3093 739 3190 Affghanico,
777 3117 875 3166 novo
919 3093 1048 3189 utique
1081 3091 1119 3164 in
1154 3092 1266 3164 rebus

225 3216 396 3289 humanis
438 3216 567 3290 ordine
600 3226 743 3304 exorto,
778 3217 922 3289 nullum
963 3215 1111 3290 sceleris
1147 3238 1265 3310 genus

226 3343 328 3439 quod
349 3367 426 3415 non
449 3342 646 3438 reperitur,
664 3342 766 3414 nulla
788 3365 866 3414 non
883 3339 1100 3414 comitantia
1118 3340 1264 3412 damna.

227 3466 514 3564 Expectandum
557 3465 644 3538 sanie
686 3474 768 3539 crat
811 3465 1004 3538 obtentam
1041 3464 1111 3536 hoc
1154 3462 1266 3536 modo

225 3591 414 3665 licentiam
464 3615 649 3688 congruos
700 3590 855 3662 effectus
906 3614 994 3662 mox
1035 3587 1264 3663 sortiturum.

226 3714 399 3812 Triginta
421 3715 554 3788 exinde
577 3714 665 3788 anni
681 3715 761 3811 jam
785 3722 874 3787 sunt
891 3712 1016 3809 elapsi.
1069 3712 1205 3785 Nullus
1223 3735 1267 3785 co

226 3848 395 3939 temporo
420 3841 642 3938 praepollens
666 3840 812 3914 exstitit
838 3839 1027 3912 Bellator:
1055 3838 1157 3910 nulla
1181 3835 1268 3909 belli

266 4038 283 4071 ⁴*
303 4037 390 4096 Inter
412 4038 621 4098 conventiones
644 4039 820 4098 auctoritate
844 4017 962 4116 publici
975 4035 1094 4113 Angliae
1118 4035 1269 4094 collectiva

223 4131 386 4209 evulgatas,
395 4130 451 4190 hoo
460 4139 587 4210 paetum,
599 4137 617 4170 “
628 4133 722 4193 Elliot
730 4129 944 4204 Convention‚'’
952 4129 1072 4190 omino
1079 4128 1267 4189 meatur.
