2976 4784
713 302 759 373 63

220 505 330 579 Unde
359 527 497 601 quaeso,
533 503 674 576 factum
708 509 766 574 est
799 501 881 575 haec
915 501 1051 588 omnia,
1082 501 1142 576 vel
1164 501 1256 599 ipsis

218 628 403 702 tironibus
422 625 586 724 apprime
605 625 769 722 cognita,
789 651 811 700 a
828 625 929 713 viris,
949 625 1125 700 oblivioni
1143 626 1260 700 data?

219 753 329 845 Quid,
357 753 457 850 quod
486 776 597 825 nemo
622 750 835 824 inveniatur
860 749 923 847 qui
952 750 1020 823 has
1051 751 1261 847 elapsorum

220 878 434 976 disciplinas
460 876 693 962 saeculorum,
720 874 760 947 in
786 874 1021 950 commodum
1038 884 1261 951 convertens

221 1028 341 1089 suum,
376 1000 555 1099 praesenti
595 1025 722 1074 rerum
765 1000 926 1099 applicet
968 1000 1096 1088 statui,
1126 1008 1171 1073 ut
1207 1001 1262 1075 ita

215 1125 451 1222 juventutem
470 1131 766 1199 succrescentem
783 1123 937 1197 edoceat
960 1123 1170 1198 discernere
1194 1125 1260 1199 fal·

221 1274 315 1337 sum,
337 1250 556 1347 justumque
582 1248 747 1346 diligere.
799 1247 854 1319 At
882 1248 982 1336 vero,
1008 1249 1129 1345 qualia
1153 1257 1261 1323 erant

219 1372 414 1471 falsiloqua
448 1372 667 1448 Graecorum
692 1372 1019 1469 Romanorumque
1047 1374 1261 1447 vocabula?

220 1497 301 1570 Illis
332 1523 379 1571 ex
409 1496 559 1594 proprid
591 1496 760 1593 ipsorum
793 1495 937 1593 loquele
965 1504 1140 1571 contexta
1170 1505 1259 1571 sunt

220 1621 343 1707 retia3
400 1620 441 1692 hi
482 1620 570 1693 vero
613 1619 740 1715 paucis
783 1620 996 1706 utebantur,
1040 1645 1087 1693 ex
1129 1619 1260 1695 Graeco

223 1767 393 1816 sermone
410 1742 617 1839 desumptis
640 1743 821 1816 terminis.
875 1743 955 1816 Nos
986 1751 1111 1816 autem
1137 1745 1263 1817 obruit

221 1867 355 1959 ingens
371 1867 488 1940 moles
505 1866 769 1940 vocabulorum
785 1873 868 1938 tum
886 1865 1013 1939 Graece
1030 1867 1172 1964 origine
1182 1876 1265 1942 tum

222 1990 367 2078 Latina,
404 1990 552 2088 quibus,
588 1989 699 2064 simul
731 1989 937 2087 permixtio,
974 1989 1263 2087 significationes

223 2115 407 2203 addimus,
436 2138 529 2212 quas
555 2138 624 2188 neo
651 2112 772 2188 Graeci
800 2138 933 2211 capere
961 2115 1172 2212 potuissent
1194 2141 1264 2191 nec

222 2240 404 2329 Romani;
426 2241 515 2313 dum
532 2247 659 2313 tamen
672 2240 818 2314 assidue
830 2264 876 2313 ex
888 2238 1073 2339 alidparte
1087 2241 1268 2339 simplicia

222 2366 444 2463 propriaque
477 2364 658 2439 vocabula
694 2373 833 2438 nostrae
870 2365 1008 2463 linguae
1039 2391 1263 2440 amovemus.

223 2488 333 2580 Quod
360 2490 511 2562 cuilibet
544 2490 709 2586 profecto
743 2489 888 2587 patebit
926 2489 1072 2563 adhoc
1099 2489 1265 2563 animum

221 2638 424 2711 parumper
466 2613 693 2711 applicanti:
737 2613 879 2688 videbit
921 2613 1020 2686 enim
1053 2615 1259 2710 permultas

223 2760 304 2809 1111
320 2736 530 2810 locutiones
554 2737 734 2832 Anglicas
750 2737 810 2810 vel
829 2761 851 2809 1
869 2734 998 2810 Graeca
1015 2737 1075 2812 vel
1091 2762 1114 2809 1
1130 2737 1264 2811 Latind

222 2857 349 2954 lingula
365 2859 592 2933 derivatas*l
645 2858 803 2949 Qualem
830 2859 910 2933 haec
936 2860 1061 2934 omnia
1083 2861 1265 2935 influxum

223 2981 386 3054 habeant
402 2981 442 3052 in
459 2981 648 3056 hominem
663 2982 726 3077 qui
743 2982 785 3055 1ὸ
802 2982 986 3079 redigitur
1001 2990 1047 3055 ut
1064 3008 1108 3055 11
1125 2984 1266 3058 discere

224 3105 370 3191 debeat,
389 3112 427 3177 et
445 3103 555 3178 simul
574 3106 724 3179 credere
738 3130 782 3178 ea
794 3105 955 3201 aliquam
974 3105 1106 3179 saltem
1124 3106 1265 3203 signifi-

224 3229 410 3304 cationem
426 3253 504 3326 prae
523 3252 562 3303 se
578 3229 687 3316 ferre,
706 3228 813 3303 facile
834 3230 1019 3327 concipiat
1044 3229 1266 3328 quicumque

224 3354 427 3429 adverterit
444 3354 557 3427 hosce
573 3353 755 3428 terminos
771 3354 864 3427 nihil
881 3379 927 3428 ex
945 3378 1025 3429 sese
1043 3354 1264 3452 significare,

224 3478 264 3552 in
282 3502 411 3553 omnes
436 3477 584 3573 regulas
611 3478 770 3574 Logices
794 3502 962 3576 peccare,
990 3486 1029 3553 et
1054 3486 1170 3577 aptos
1185 3502 1266 3553 esse

225 3604 273 3678 ad
298 3603 587 3701 pervertendum
612 3601 757 3677 animos
781 3603 981 3692 utentium.
1033 3603 1088 3680 Hi
1115 3602 1267 3679 termini

264 3834 282 3868 ⁴
303 3835 376 3905 Quae
390 3834 521 3896 diximus
534 3834 573 3894 ad
585 3854 621 3894 ca
634 3834 733 3894 omnia
746 3834 850 3894 referri
863 3841 987 3913 possunt
999 3835 1142 3898 uocabula
1155 3853 1221 3912 quse
1233 3834 1267 3892 in

226 3936 264 4004 ld,
294 3946 366 4000 ww,
394 3928 454 4001 1071,
482 3927 528 4000 ite,
557 3929 622 4001 ism,
652 3934 684 3988 ot
709 3948 740 3987 aa
763 3929 921 4004 desinant3
941 3929 1056 4016 quoties
1076 3926 1214 3987 videlicet
1233 3927 1267 3984 in

224 4019 351 4079 emeda
377 4019 574 4078 adhibeantur
599 4020 765 4086 mamm
816 4020 897 4091 Quid
923 4021 964 4080 sit
989 4023 1115 4082 mm
1143 4019 1305 4085 ammao-

225 4110 333 4170 videsis
345 4110 425 4188 apud
437 4111 567 4195 logicos,
