2976 4784
722 338 759 409 iv

278 537 399 619 Motu
418 542 505 635 tue,
529 535 790 617 Sancmssncn
820 533 966 629 Panna,
988 559 1052 615 res
1073 530 1265 614 ordinata

220 703 286 779 est
307 724 411 806 quae,
434 694 630 779 concione
659 694 876 776 hominum
906 693 1027 791 facta,
1050 719 1196 774 vocem
1220 691 1263 772 in

219 855 363 939 orbem
395 856 574 955 emittat,
608 884 633 939 a
662 862 777 939 coetu
808 854 994 937 fidelium
1014 851 1141 962 ipsius
1161 852 1265 934 DEI

221 1015 467 1100 habendam.
579 1053 610 1061 ·<
668 1054 670 1059 ·

279 1250 570 1360 spectantium
582 1257 680 1333 ante
696 1251 804 1333 iores
818 1250 859 1331 in
871 1249 1038 1332 nomine
1052 1248 1261 1342 confirmo,
1348 1264 1354 1271 ’

223 1436 316 1492 eam
331 1436 477 1492 vocem
497 1408 550 1492 ab
566 1408 649 1490 illis
669 1409 728 1491 ita
746 1416 963 1519 acceptam
983 1408 1082 1509 fore,
1100 1408 1135 1490 si
1151 1408 1263 1489 viam

223 1568 416 1651 ostendat
448 1597 541 1679 quae
571 1595 645 1650 nes
674 1597 699 1651 a
729 1568 882 1651 scelere
904 1567 1084 1679 publice,
1107 1568 1148 1649 in
1174 1568 1264 1650 loce

223 1757 367 1840 regum
388 1737 432 1812 et
451 1731 590 1841 legum
610 1730 734 1812 hodie
754 1737 939 1840 accepte,
962 1728 1123 1812 liberet.

278 1993 447 2103 Anceps
480 1998 545 2073 est
583 1991 773 2102 petentia
812 1998 855 2073 et
876 2077 879 2081 ,
892 1991 1025 2101 gloria
1058 2018 1190 2085 vana3
1221 1990 1262 2071 id

222 2153 390 2233 tantiim
420 2158 569 2261 potens
602 2159 644 2233 et
675 2150 872 2235 durabilis
902 2151 1014 2261 quod
1034 2149 1263 2232 remedium

223 2312 276 2393 ad
296 2308 464 2393 morbos
484 2316 526 2391 et
548 2337 704 2392 errores
723 2311 940 2393 hominum
959 2311 1118 2393 afferat.

280 2568 1257 2653 mmmmmmfflmmm

225 2730 952 2841 mmwmmmffl.

280 2991 434 3089 orote,
453 2991 695 3074 Bmmssma
712 2991 858 3090 Panna,
876 2998 924 3073 ut
945 2991 1264 3101 intelligentiam

224 3152 432 3235 excelsam
462 3160 505 3235 et
535 3154 719 3264 undique
750 3162 1037 3265 permeantem
1062 3155 1263 3236 Romanae

224 3312 420 3395 Ecclesiae
450 3341 597 3397 evoces
627 3314 680 3397 ad
714 3314 840 3396 istam
875 3314 1094 3397 scientiam
1128 3315 1264 3397 colen-

223 3471 330 3570 dam,
370 3471 423 3553 ab
462 3473 640 3583 antiquis
681 3474 731 3556 de
773 3472 936 3556 “rebus
984 3474 1176 3558 humanis
1222 3481 1265 3556 et

221 3630 373 3712 divinis
390 3631 413 3665 ''
453 3631 620 3733 dictam,
662 3662 737 3743 per
777 3661 903 3744 quam
934 3635 1069 3716 Roma
1103 3662 1265 3745 pagana

221 3818 384 3900 magna,
424 3789 582 3891 nobilis,
633 3800 676 3876 et
715 3793 951 3876 veneranda
999 3793 1092 3878 fuit.
1172 3796 1266 3877 Hoc

222 3977 386 4059 quoque
439 3953 550 4061 apud
600 3960 856 4064 potestatem
911 3960 954 4035 et
1002 3956 1265 4039 veluntatem
1427 4007 1435 4025 ·

221 4115 339 4190 tuam
360 4115 437 4191 est.
