2976 4784
704 343 775 414 105

219 543 361 618 nuntiis
373 569 384 632 ;
412 545 471 618 vel
493 544 647 617 tandem
669 542 953 640 proditionibus.
1006 541 1172 617 Nuntius
1191 541 1262 616 Pa·

219 669 325 767 palis,
356 695 483 742 rerum
511 669 580 743 rite
606 667 744 743 certior
773 669 906 756 factus,
935 667 1049 742 immo
1076 665 1260 742 Praelatus

169 840 173 850 «
222 795 389 892 quilibet,
407 795 467 868 vel
494 792 676 868 Sacerdos
703 793 871 891 simplem
891 793 951 867 vel
975 791 1123 880 Laicus,
1150 791 1262 866 modd

221 920 390 992 auditum
418 919 586 993 obtinere
617 917 751 1014 quiret,
777 917 872 992 falsa
899 917 1087 992 eliminare
1120 925 1262 1016 posset,

222 1044 434 1141 proditores
446 1043 646 1117 denudare.
683 1041 1034 1116 Praeterhominum
1045 1041 1148 1129 vitia,
1162 1043 1265 1116 nulla

223 1166 370 1242 Russiae
410 1167 625 1266 suppeditat
659 1166 755 1242 ratio
783 1167 832 1240 ad
862 1192 1046 1264 quamque
1075 1167 1264 1265 Rempub-

220 1292 331 1367 lioam
357 1293 609 1367 evertendam.
662 1291 781 1366 Nobis
810 1291 946 1365 auxilio
965 1298 1055 1365 sunt
1070 1290 1265 1366 hominum

221 1415 403 1504 virtutes;
452 1416 543 1489 dum
584 1415 785 1513 unicuique
819 1413 915 1512 Regi
956 1415 1185 1490 consulimus
1228 1423 1268 1490 et

222 1541 372 1637 populo,
401 1564 603 1636 eorumque
641 1546 680 1612 et
715 1538 881 1612 omnium
918 1539 1053 1613 honori
1088 1539 1199 1614 simul
1229 1547 1268 1614 ot

224 1662 392 1735 utilitati.

275 1786 360 1858 Rite
378 1784 605 1860 considerari
628 1786 751 1875 debet,
770 1793 810 1859 et
834 1784 939 1883 plene
961 1782 1133 1883 intelligi,
1152 1809 1268 1884 quan·

224 1911 305 1984 tbm
323 1912 548 1985 abhorreant
563 1910 753 1986 Gubernia
765 1910 927 2008 Europae
941 1936 963 1984 a
980 1911 1184 1985 formandis
1199 1910 1270 1985 sibi

223 2035 435 2121 hominibus
453 2036 693 2109 Publicanum
703 2035 995 2135 Disciplinarum
1011 2035 1143 2135 peritis
1155 2063 1165 2125 ;
1193 2059 1270 2110 non
1347 2074 1350 2081 ·

225 2161 332 2235 aliter
348 2170 584 2258 perspectum
603 2161 674 2234 erit
701 2186 774 2259 quo
791 2162 903 2235 modo
920 2161 1001 2234 haec
1018 2160 1173 2234 consilia
1189 2159 1270 2234 uni·

224 2310 374 2360 versum
393 2285 533 2360 Orbem
551 2287 628 2361 sint
645 2287 834 2361 affectura.

275 2412 323 2484 In
339 2411 478 2508 anglia
494 2412 653 2509 quidem,
672 2411 713 2484 in
725 2410 853 2501 Gallia,
871 2408 1069 2487 Germanii
1079 2411 1138 2486 vel
1148 2409 1270 2500 Italic,

224 2561 334 2611 nemo
364 2537 404 2610 in
430 2536 594 2611 Publicis
611 2536 738 2611 Rebus
763 2544 948 2625 versatus,
977 2536 1010 2612 si
1035 2536 1136 2612 inter
1160 2538 1271 2612 collo·

225 2663 414 2760 quondum
447 2670 639 2760 urgeatm,
671 2670 870 2761 sequentes
899 2663 1173 2761 propositiones
1208 2662 1271 2736 ad·

226 2787 582 2862 mittere'recusabit
595 2815 657 2861 :-·

280 2912 313 2982 l.
341 2912 487 2984 Russos
506 2912 640 2985 ceteris
659 2911 835 3007 gentibus
853 2911 1058 2985 calliditate
1075 2918 1269 3010 praestare.

279 3037 313 3107 2.
341 3035 522 3109 Nonnihil
539 3035 694 3132 periculi
710 3035 834 3108 inesse
852 3034 885 3107 si
900 3035 965 3121 illi,
981 3036 1137 3109 custode
1153 3035 1270 3123 nullo,

229 3183 340 3256 agere
390 3159 671 3256 permittantur,
718 3157 804 3230 edm
856 3157 1021 3230 omnium
1068 3157 1272 3232 Civitatum

227 3285 379 3382 negotia
414 3285 462 3356 ad
493 3283 654 3359 invicem
688 3282 891 3358 commixta
925 3283 1010 3371 sint,
1038 3292 1078 3358 et
1111 3290 1273 3381 agantur

228 3409 383 3486 seoretd.

254 3631 257 3639 ¹
279 3541 314 3611 3.
342 3537 430 3611 Non
460 3535 552 3611 alios
578 3535 733 3610 idoneos
764 3559 846 3611 esse
877 3535 1054 3610 custodes
1078 3559 1190 3634 quam
1207 3535 1273 3633 qui

228 3661 398 3759 ipsorum
416 3662 570 3736 consilia
586 3663 745 3736 calleant
762 3669 801 3735 et
816 3661 1028 3736 methodos.

278 3793 314 3860 4.
342 3785 569 3885 Magnoperd
581 3786 865 3861 desiderandam
879 3786 1067 3885 quandam
1078 3785 1273 3861 hominum

231 3911 466 4000 Societatem,
487 3911 550 4009 qui
568 3938 612 3987 eo
634 3914 747 3988 modo
774 3911 908 3988 delecti
934 3912 1010 3987 sint
1031 3920 1070 3987 et
1092 3911 1270 3999 instituti,

231 4060 303 4130 quo
321 4037 439 4109 Russi
465 4061 552 4112 suos
570 4037 734 4136 Legatos
760 4037 922 4136 deligere
941 4045 1216 4113 consueverimt
1233 4044 1272 4111 et

229 4157 437 4233 instituere.

553 4309 556 4313 ’
681 4309 703 4358 0
