2976 4784
726 323 773 397 76

230 528 314 624 ipsa
330 525 520 601 beneficiis
547 532 678 598 sancta
701 523 874 596 redditur
886 548 896 609 ;
924 522 1012 595 hino
1036 530 1096 595 est
1114 522 1212 619 qubd
1230 547 1274 595 ea

231 650 471 723 incredulitas
483 647 662 745 quinunc
675 647 864 743 Europam
882 647 1079 719 obductam
1090 645 1271 732 videmus,

232 785 323 847 tunc
356 773 509 870 prorsus
543 752 797 869 ignorabatur.
850 771 898 843 In
931 771 1143 868 primordiis
1174 771 1272 844 enim
1331 852 1334 856 ³

231 923 358 971 rerum
375 898 488 970 bomo
506 898 631 970 omnia
647 897 687 968 in
704 896 896 994 Religione
913 897 1099 970 habebat:
1127 895 1272 992 Religio

231 1028 314 1093 tum
340 1021 596 1094 Moderatores
623 1020 895 1117 suppeditabat,
916 1026 999 1092 tum
1024 1020 1146 1091 fidem.
1199 1019 1273 1092 De·

232 1147 381 1220 ficiente
391 1146 596 1242 Religione,
610 1142 798 1217 Gubernia
809 1151 1050 1216 surrexerunt
1062 1142 1271 1216 Saecularia.

232 1272 257 1345 J
259 1296 319 1345 am
346 1271 500 1344 tandem
529 1268 718 1342 Gubernia
743 1268 784 1340 eb
811 1269 1040 1341 devenerunt
1057 1276 1100 1340 ut
1118 1275 1201 1339 “ex
1226 1268 1272 1339 iis

230 1395 323 1492 ipsis
366 1395 577 1468 conflentur
619 1392 785 1466 moribus
829 1392 876 1464 ad
919 1416 1011 1488 quos
1048 1392 1272 1488 abjiciendos

113 1525 117 1530 '
231 1518 370 1591 fuerint
386 1515 639 1603 instituta;”*
666 1523 709 1587 ut
734 1515 966 1612 Religionem
987 1523 1166 1612 respuant
1189 1539 1272 1610 quae

231 1644 462 1740 agendorum
481 1641 667 1738 Magistra
693 1640 753 1726 sit,
777 1642 865 1712 dum
891 1648 1015 1712 tamen
1044 1640 1122 1735 ejus
1145 1647 1272 1712 auoto-

230 1765 344 1838 ritate
368 1773 526 1838 utantur
552 1766 600 1837 ad
624 1763 790 1837 facinora
813 1764 1118 1835 commendanda.
1172 1762 1273 1837 Hinc

230 1889 275 1961 fit
291 1900 335 1960 ut
350 1889 489 1963 Seditio
509 1888 619 1961 simul
636 1897 675 1960 et
692 1887 911 1959 Atbeismus
927 1886 1199 1959 incrementum
1213 1913 1273 1961 ao·

231 2013 371 2109 cipiant
388 2021 426 2086 et
444 2013 700 2086 diffusionem:
739 2035 821 2107 quae
843 2017 970 2082 tamen
992 2010 1111 2081 adhuc
1131 2011 1274 2083 nullam

232 2137 303 2209 sibi
322 2137 533 2210 instruxere
550 2136 648 2208 viam
671 2135 771 2207 inter
797 2159 860 2207 eas
879 2134 1019 2207 Gentes
1046 2159 1127 2230 quae
1139 2137 1186 2207 ad
1199 2134 1273 2209 huc

232 2262 280 2334 ad
299 2260 420 2357 Leges
437 2260 642 2357 respiciunt
660 2267 839 2355 tanquam
857 2259 905 2331 ad
925 2268 1069 2355 partem
1087 2260 1273 2355 quandam

232 2383 449 2480 Religionis,
477 2392 516 2456 et
550 2383 683 2479 quibus
709 2381 839 2477 ignota
871 2391 1040 2455 remanet
1070 2384 1272 2471 distincti0,

231 2504 332 2579 haud
360 2506 415 2578 ita
445 2506 508 2578 diu
537 2505 697 2601 primirm
730 2505 828 2577 inter
864 2505 1096 2581 Christianos
1131 2515 1271 2595 exorto,
1388 2556 1391 2564 ·

226 2631 337 2726 juxta
359 2655 471 2726 quam
501 2629 608 2701 aliter
635 2629 680 2702 de
706 2629 950 2724 singulorum,
978 2631 1088 2703 aliter
1112 2632 1200 2704 verb
1227 2634 1276 2706 de

232 2752 490 2826 universorum
508 2752 673 2825 moribus
691 2760 891 2827 statuatur.
943 2755 998 2828 Ut
1014 2757 1127 2852 probb
1144 2781 1272 2830 nosca-

231 2902 316 2950 mus
343 2880 529 2974 quomodo
556 2877 654 2951 hano
670 2902 749 2950 rem
770 2879 992 2952 aestimaturi
1009 2880 1085 2952 sint
1101 2882 1273 2955 Modera·

230 3009 332 3076 tores
364 3003 536 3100 Europae,
569 3011 717 3100 oportet
751 3005 1027 3077 consideremus
1059 3005 1147 3102 quid
1180 3005 1272 3103 ipsis

232 3150 276 3200 ex
303 3127 382 3224 ejus
409 3152 586 3201 successu
616 3128 666 3200 sit
694 3138 985 3224 proventurum3
1029 3131 1273 3227 nequeenim

233 3250 434 3348 quidquam
451 3252 511 3325 vel
527 3251 648 3350 primo
665 3252 766 3348 ipsos
783 3252 885 3326 fallet
906 3261 1072 3349 aspectu.

282 3375 389 3449 Tunc
423 3377 583 3472 denique
626 3399 840 3450 successum
875 3377 1058 3450 obtinebit
1091 3378 1273 3451 Pourmux

231 3497 410 3572 Roaiam
439 3499 587 3596 quandb
615 3500 794 3596 cujusque
823 3499 953 3572 Gentis
981 3500 1080 3573 cives
1098 3501 1272 3573 derebus

232 3620 349 3715 gestis
391 3621 575 3718 inquirere
617 3623 835 3719 inceperint,
870 3625 997 3695 utrum
1041 3623 1116 3695 sint
1157 3623 1270 3694 licita.

232 3741 378 3816 Exinde
405 3769 544 3818 novum
572 3746 753 3843 potestati
779 3745 983 3844 tyrannicae
1007 3753 1183 3840 exsurget
1208 3745 1273 3816 ob·

232 3866 429 3939 staculum.
482 3867 580 3940 Illud
610 3867 723 3941 etiam
756 3868 795 3940 in
828 3867 1033 3965 periculum
1068 3869 1274 3941 adducetur

653 4104 670 4142 *
694 4105 856 4183 Lyttleton.
