2976 4784
742 262 791 332 40

250 465 344 537 toris
377 462 526 562 propria
559 461 782 536 auctoritate
809 461 848 533 in
877 460 1097 558 dignitatem
1128 462 1293 535 Patriar·

250 589 395 663 chalem
412 587 573 684 ingesti;
600 586 755 683 insuper
773 594 811 660 et
827 586 1080 684 oppressionis
1098 587 1144 659 ab
1163 588 1294 661 eodem

250 714 482 811 Imperatore
498 713 538 784 in
557 710 764 786 Orientales
784 712 855 785 sibi
878 712 1096 809 spiritaliter
1122 712 1292 786 subditos

250 836 433 912 exercitae.
488 835 562 911 Sed
575 843 702 909 tamen
718 861 828 909 nemo
846 860 943 908 unus
960 836 1135 910 inventus
1152 844 1212 910 est
1229 836 1293 933 qui

251 963 426 1036 Russiam
444 962 688 1035 seditionibus
716 963 763 1035 ad
790 962 883 1035 fines
913 986 1000 1035 suos
1027 963 1085 1034 uti
1112 962 1290 1035 crederet.

250 1087 434 1160 Omnibus
466 1087 602 1184 qnippe
629 1110 848 1184 persuasum
882 1086 953 1158 fnit
987 1086 1160 1159 Russiam
1191 1086 1294 1158 omni

252 1211 424 1284 seditioni
436 1235 517 1284 esse
529 1211 777 1283 adversatam.
813 1209 885 1282 His
902 1217 1029 1282 tamen
1046 1234 1122 1283 non
1140 1210 1291 1283 obstan-

250 1337 362 1424 tibus,
381 1335 629 1409 necessarium
646 1334 718 1407 fnit
734 1342 778 1409 ut
800 1335 1057 1409 benevolentia
1084 1335 1291 1432 Petropoli-

249 1469 340 1535 tana
373 1486 463 1558 erga
496 1461 666 1547 Romam,
707 1460 839 1532 saltem
873 1459 994 1556 aliqua
1035 1484 1113 1532 non
1148 1467 1291 1533 careret

249 1587 504 1684 explicatione.
558 1585 658 1658 Talis
687 1585 803 1681 igitur
820 1611 896 1658 non
925 1585 1042 1658 defuit
1068 1584 1289 1682 explicatio:

248 1711 393 1804 Russiae
410 1735 544 1808 nempe
561 1718 600 1783 et
617 1710 746 1783 Romae
764 1711 1029 1796 moderatores,
1049 1710 1096 1782 ad
1112 1709 1224 1797 idem,
1243 1710 1292 1782 ad

251 1845 274 1877 “
290 1836 459 1911 ordinem
472 1835 493 1866 ”
516 1836 666 1923 scilicet,
686 1836 909 1933 prospicere.
962 1835 1157 1932 Equidem,
1179 1834 1233 1932 (et
1252 1836 1293 1907 id

249 1962 569 2036 animadversione
583 1961 735 2058 dignum
750 1957 928 2056 videtum)
948 1961 1019 2034 hoo
1031 1961 1112 2058 ipso
1125 1967 1293 2058 tempore

248 2086 413 2161 fautores
443 2086 636 2160 seditionis
664 2085 859 2184 pecuniam
887 2110 909 2158 a
934 2086 1066 2159 Russis
1092 2086 1290 2182 accepisse,

247 2236 325 2285 non
343 2211 412 2285 alia
432 2212 478 2284 de
496 2210 608 2284 causa
632 2235 744 2306 quam
770 2211 870 2307 quod
895 2211 942 2284 ad
960 2211 1059 2284 idem
1084 2235 1171 2308 pars
1189 2217 1290 2283 utra-

250 2360 321 2432 que
338 2335 591 2433 prospiceret:
610 2334 722 2408 iidem
739 2335 826 2408 verb
844 2336 888 2408 ad
909 2335 1050 2408 ordinis
1068 2360 1291 2433 prospexere

248 2460 513 2532 turbationem.
854 2436 856 2440 ⁷

300 2581 373 2671 Qui
399 2583 698 2679 perturbationes
726 2583 765 2656 in
796 2584 946 2682 Europa
978 2585 1096 2659 factas
1126 2586 1290 2660 historiae

248 2709 454 2795 mandavit,
466 2715 586 2795 notat,
606 2708 687 2782 ideo
705 2711 751 2783 ab
779 2710 931 2784 ineunte
950 2712 1085 2785 saeculo
1105 2713 1180 2784 18'0
1199 2711 1289 2784 diffi-

249 2833 354 2908 cilem
399 2833 614 2931 conscriptu
656 2833 795 2908 factam
836 2835 1042 2923 historiam,
1091 2837 1178 2933 quia
1219 2837 1290 2910 Jus

249 2955 426 3031 Gentium
455 2957 647 3031 observari
673 2959 835 3033 desierit.
888 2958 1012 3033 Hodie
1034 2961 1122 3034 verb
1140 2961 1291 3035 evanuit

246 3082 329 3180 ipsa
359 3082 462 3156 Juris
483 3083 610 3170 noti03
638 3084 698 3157 vel
722 3084 822 3181 quod
851 3084 965 3157 etiam
995 3085 1099 3182 pejus
1127 3085 1287 3174 videtur,

247 3207 350 3281 Juris
367 3233 504 3281 nomen
521 3233 598 3280 non
615 3207 728 3280 alium
752 3209 800 3283 ob
818 3209 929 3282 finem
947 3218 1160 3306 usurpatur,
1181 3210 1289 3308 quam

246 3340 290 3405 ut
307 3355 501 3430 perperam
519 3333 567 3404 ad
592 3331 747 3420 facinus,
766 3333 891 3407 nescio
919 3334 1018 3430 quod
1044 3335 1288 3421 teterrimum,

245 3456 509 3530 indicandum:
555 3465 666 3554 atque
707 3457 790 3531 ideb
832 3458 1025 3531 hominum
1066 3458 1217 3554 negotia
1250 3458 1289 3529 in

245 3581 483 3654 inenarrabili
511 3580 670 3679 quddam
696 3608 823 3656 rerum
847 3581 1061 3656 confusione
1079 3589 1287 3655 versantur.

246 3706 308 3778 nn
341 3707 425 3779 111
457 3707 619 3804 quinem,
652 3710 753 3805 quoa
782 3685 1004 3803 abrogatum
1037 3706 1287 3803 praetendunt,

245 3830 346 3903 aliud
363 3832 388 3904 J
389 3857 432 3905 us
452 3834 654 3930 subrogare
672 3834 849 3907 simulant
865 3828 1046 3918 nonnulli,
1067 3831 1166 3927 quod
1186 3838 1210 3872 “
1223 3830 1287 3904 In-

244 3955 502 4030 ternationalis
517 3957 541 3989 ”
572 3957 724 4031 nomine
754 3955 917 4051 gaudeat
944 3961 983 4027 et
1012 3979 1058 4027 ex
1087 3954 1290 4031 foederibus

216 4079 388 4184 *collatis
423 4089 581 4156 constet.
651 4079 705 4152 At
736 4079 824 4153 licet
857 4078 994 4151 mirum
1032 4079 1136 4154 dictu
1170 4082 1290 4180 possit
