2976 4784
734 286 781 360 68

245 512 365 564 sensu·
386 486 497 585 hujus
526 481 680 584 periculi
707 482 826 558 oritur
849 506 934 580 spes
959 480 1156 579 illaquam
1173 481 1284 557 modo

243 613 514 710 expressimus;
558 608 638 682 fore
677 632 812 705 nempe
854 615 899 680 ut
934 607 1065 679 exinde
1099 607 1283 704 aliquibus

243 737 513 837 persuadeatur
541 742 586 806 ut
614 733 654 806 id
688 739 869 830 praestent
900 732 1000 828 quod
1032 732 1284 806 necessarium

245 862 378 948 fuerit;
415 859 556 934 scilicet
581 866 626 930 ut
654 857 694 931 in
717 865 950 931 antecessum
976 856 1190 954 perficiatur
1212 858 1284 933 hoo

243 972 339 1084 ¹'opus
356 982 523 1070 Concilii,
542 990 653 1078 atque
669 989 712 1054 ut
729 981 821 1054 bene
837 980 1061 1079 perficiatur.

265 1151 269 1157 -
294 1106 425 1204 Neque
435 1105 522 1180 verb
532 1105 624 1178 illud
636 1104 999 1202 praetermittendum
1012 1113 1081 1192 est,
1095 1103 1284 1202 integrum

244 1234 401 1333 publicae
434 1231 657 1306 mora-litatis
692 1255 865 1328 campum
899 1255 923 1304 a
950 1230 1093 1303 recenti
1121 1229 1282 1328 philoso-

244 1358 404 1464 phorum
422 1354 755 1451 disceptationibus
768 1353 882 1432 fuisse
898 1354 1136 1451 neglectum
1156 1354 1282 1427 Eccle-

246 1481 310 1558 siae
346 1481 485 1555 scilicet
526 1480 744 1552 lustrandus
786 1478 1020 1575 relinquitur.
1096 1478 1203 1552 Inter
1240 1503 1284 1552 ea

245 1602 370 1677 omnia
396 1627 478 1699 quae
504 1601 782 1700 investigationi
813 1609 902 1675 sunt
933 1601 1128 1689 submissa,
1158 1603 1283 1676 nullus

242 1703 314 1801 fuit
331 1752 451 1801 sermo
469 1728 515 1800 de
533 1727 636 1801 Bello
654 1728 899 1824 impediendo.

295 1850 486 1948 Quotquot
510 1851 684 1925 inivimus
711 1851 863 1925 consilia
887 1851 927 1924 in
954 1854 1190 1926 commodum
1215 1854 1284 1927 hu·

244 1975 346 2050 muni
379 1975 539 2073 generis,
566 1976 707 2048 nullam
735 1975 955 2048 methodum
979 1976 1187 2051 audivimus
1214 1977 1286 2075 qud

246 2100 408 2197 minores
434 2099 527 2173 fiant
541 2099 925 2196 'Rerumpublicarum
952 2124 1137 2196 expensae
1188 2101 1284 2177 Gon-

245 2233 431 2300 veneuunt
473 2225 572 2321 saepe
613 2223 784 2296 homines
823 2232 867 2296 ut
904 2222 1147 2300 imbecillibus
1189 2224 1284 2301 ferre

245 2348 394 2448 possint
406 2346 595 2433 auxilium,
614 2355 653 2419 et
669 2345 802 2443 injuris
818 2345 984 2435 affectis3
1012 2348 1061 2420 ad
1077 2348 1284 2424 honestatis

246 2473 416 2570 publicae,
435 2494 593 2557 morum,
613 2477 651 2543 et
676 2470 764 2543 boni
790 2470 997 2544 communis
1019 2471 1281 2560 defensionem,

245 2584 367 2693 pullos
417 2593 633 2668 convenisse
679 2593 863 2668 novimus.
932 2596 1045 2670 Multi
1092 2597 1285 2671 consilium

245 2719 409 2808 inierunt
436 2719 724 2816 Rempublicam
751 2727 776 2760 “
793 2719 1054 2794 reformandi”
1061 2747 1071 2809 3
1098 2745 1208 2796 nemo
1239 2724 1285 2796 de

245 2842 426 2925 ministris
445 2843 667 2930 coercendis,
686 2842 997 2942 prohibendisque
1012 2869 1062 2918 ne
1078 2869 1147 2942 pro
1163 2846 1286 2920 lubitu

246 2967 465 3066 sanguinem
482 2967 712 3066 profundant
731 2968 877 3057 civium,
890 2976 928 3042 et
944 2993 1035 3067 opes
1053 2980 1285 3046 consumant.

255 3166 258 3172 A
297 3091 512 3167 Conventds
538 3093 649 3190 hujus
675 3094 880 3191 negotium,
900 3094 1033 3169 saltem
1056 3096 1285 3194 primarium,

246 3216 286 3291 iu
321 3218 619 3316 perturbationes
646 3226 860 3315 grassantes
885 3219 1119 3307 refrenando,
1145 3247 1222 3296 non
1248 3223 1288 3295 in

247 3342 424 3440 dogmata
456 3342 516 3416 vel
555 3342 786 3440 disciplinam
823 3343 1056 3431 stabiliendo,
1091 3355 1284 3430 versatur;

246 3444 373 3560 igitur,
385 3488 461 3537 non
473 3463 513 3536 in
532 3463 809 3539 Catholicorum
826 3463 983 3552 tantum,
996 3467 1062 3539 sed
1079 3464 1117 3537 in
1134 3464 1287 3537 humani

247 3586 394 3684 generis
419 3587 607 3684 ·gratiam.
632 3586 839 3663 Concilium
868 3595 1105 3662 convocatur.
1174 3586 1225 3660 Et
1254 3586 1287 3661 si

246 3693 353 3789 alicui
370 3709 561 3806 profuerit,
575 3712 655 3809 jam
670 3712 836 3809 proderit
853 3710 1034 3785 omnibus.

298 3831 449 3921 Omnes,
481 3859 641 3932 quorum
667 3835 834 3922 interest,
858 3833 898 3933 in
931 3841 1076 3930 partem
1110 3834 1287 3910 delibera

246 3955 393 4030 tionum
419 3959 564 4032 admitti
594 3958 711 4031 decet.
764 3958 815 4031 Et
847 3955 976 4031 reveri
1005 3959 1054 4031 ad
1082 3957 1289 4035 Concilium

247 4077 508 4191 ¹Tridentinum
542 4087 683 4158 vocatae
719 4087 809 4156 sunt
844 4080 1013 4158 civitates
1045 4084 1162 4160 etiam
1198 4085 1289 4161 Pro-⁴
