2976 4784
722 305 768 376 19

226 510 371 588 tarum3
409 510 447 575 et
475 502 576 576 idem
595 501 743 599 justitia
768 502 811 575 eb
839 527 977 591 carere,
1016 505 1115 601 quod
1136 505 1269 578 Nostri

225 626 269 698 iis
284 627 415 699 mediis
433 628 491 699 usi
508 653 584 699 non
601 627 759 700 fuissent
777 652 858 724 quae
875 653 952 724 prae
969 629 1140 702 manibus
1154 630 1266 704 habe·

224 750 327 837 bant,
348 762 387 823 et
405 777 562 848 quorum
581 776 664 848 ope,
683 753 743 825 vel
759 752 894 848 injuria
916 752 1047 841 averti,
1065 754 1125 826 vel
1142 755 1267 827 debita

225 875 429 948 satisfactio
449 877 546 971 exigi
563 877 761 972 potuisset.

274 999 374 1072 Illud
392 1000 537 1073 Bellum
554 1025 623 1097 pro
641 1001 779 1097 injusto
797 1002 969 1087 habetur,
982 1027 1049 1099 per
1067 1003 1167 1099 quod
1186 1003 1265 1075 sine

217 1124 302 1221 jure
321 1125 482 1220 exigitur
498 1126 548 1210 id,
565 1127 664 1222 quod
682 1127 884 1198 adversarii
901 1125 1001 1199 nullo
1014 1127 1098 1222 jure
1109 1127 1264 1199 reddere

79 1242 82 1248 ’
224 1249 447 1347 obligantur.
511 1251 738 1347 Hujusmodi
767 1251 838 1323 fuit
872 1252 1008 1325 bellum
1043 1277 1140 1325 anno
1166 1252 1264 1324 1806

224 1383 360 1461 ortum,
372 1376 517 1472 Anglos
534 1376 634 1449 inter
652 1385 690 1449 et
704 1375 830 1450 Gallos
847 1404 856 1463 3
885 1377 1022 1450 etenim
1039 1377 1110 1450 hoo
1126 1377 1265 1449 bellum

221 1499 404 1572 indictum
439 1509 497 1573 est
534 1508 625 1597 post
667 1502 888 1599 diremptam
932 1527 1080 1575 omnem
1123 1501 1265 1573 dissidii

223 1646 373 1695 oausam
420 1649 501 1719 quae
551 1625 648 1697 forte
696 1626 795 1698 inter
846 1635 1044 1722 utrumque
1086 1627 1265 1722 populum

223 1746 429 1818 exstitisset
443 1773 452 1832 ;
489 1755 528 1819 et
552 1750 792 1843 postmodum
825 1749 951 1845 Angli,
988 1749 1264 1847 postulantibus

223 1869 369 1955 RussiS,
414 1870 513 1965 quod
558 1871 642 1965 jure
685 1872 815 1967 nequit
865 1873 1003 1968 rogari,
1024 1897 1026 1900 ’
1048 1878 1266 1967 exegerunt.

225 1991 334 2082 Quod
353 1994 384 2067 si
408 1995 486 2081 fiat,
506 1995 554 2066 ad
572 1996 799 2067 constitutos
819 1993 988 2068 Civitatis
1006 1996 1265 2092 Magistratus,

224 2128 355 2192 eontra
383 2145 446 2192 eos
477 2120 541 2217 qui
566 2120 733 2193 Ministri
764 2120 950 2206 dicuntur,
979 2128 1037 2192 est
1063 2144 1268 2216 provocan-

223 2242 324 2316 dum.
377 2239 517 2317 Verbm
552 2244 616 2317 ubi
642 2244 770 2317 formae
797 2245 1044 2318 observantur
1070 2244 1268 2330 debitas,—

223 2367 362 2441 Rerum
390 2369 590 2466 Repetitio,
626 2368 753 2440 Poenae
780 2368 993 2440 Declaratio
1022 2366 1150 2463 (quam
1176 2367 1267 2440 Ulli·

221 2500 359 2565 mulum
404 2491 571 2589 vocant)
618 2493 739 2565 Actus
790 2493 962 2589 publicus
1008 2492 1047 2564 in
1084 2491 1266 2586 *Archivis

220 2619 419 2716 repositus,
471 2618 571 2690 facta
630 2617 878 2690 Proclamatio
935 2616 1106 2703 subditis,
1165 2616 1267 2688 hosti

221 2741 478 2826 Denuntiati0,
526 2765 674 2813 necnon
722 2741 895 2813 solemnis
940 2722 1135 2836 Delegatio
1175 2740 1267 2813 “ad

221 2861 529 2949 interficiendum,
554 2864 600 2935 ad
636 2865 928 2957 comburendum
963 2871 1001 2937 et
1035 2865 1083 2935 ad
1116 2871 1265 2936 vastan-

224 2985 509 3071 dum‚''-tunc
541 2987 700 3059 militare
735 2998 1007 3060 sacramentum
1042 2987 1194 3083 ponitur
1226 2987 1267 3057 in

221 3115 317 3193 tuto,
341 3116 381 3180 et
410 3107 589 3180 militibus
617 3092 759 3204 gladios
789 3109 1012 3204 distringere
1039 3116 1078 3180 et
1104 3116 1266 3180 tractare

220 3232 358 3306 licebit.
1267 3219 1270 3230 ⁴

272 3357 371 3431 Fieri
405 3356 555 3430 dembm
589 3364 716 3454 potest
748 3365 792 3431 ut
825 3357 975 3443 bellum,
1012 3356 1176 3453 alioquin
1208 3358 1264 3429 in-

216 3483 362 3580 justum
390 3490 428 3554 et
457 3481 608 3554 minime
637 3480 901 3567 necessarium,
938 3480 1050 3581 etiam
1083 3480 1264 3577 negleotis

221 3607 434 3704 hujusmodi
459 3606 637 3692 formulis,
655 3605 842 3678 indicatur
854 3631 864 3693 ;
894 3606 993 3702 quod
1010 3605 1075 3677 ubi
1100 3606 1154 3691 fit,
1172 3605 1265 3678 nihil

223 3741 281 3805 est
309 3733 408 3804 unde
439 3731 560 3803 seouri
588 3730 795 3802 reddantur
829 3708 979 3803 milites.
1031 3729 1264 3834 ‘Quicunque

223 3855 461 3930 lucratione
496 3853 586 3950 agit,
613 3878 733 3951 poenae
764 3862 941 3958 eutremae
973 3877 1053 3927 sese
1083 3853 1173 3928 facit
1199 3855 1262 3926 ob-

222 3980 385 4065 noxium,
418 3980 518 4076 quod
547 4004 622 4052 non
657 3979 775 4052 solbm
811 3980 858 4052 ab
892 3978 953 4051 ills
983 4004 1094 4076 quam
1126 3978 1264 4051 laeserit

223 4101 373 4177 civitate
390 4102 502 4177 debet
518 4111 725 4202 expectare,
744 4104 875 4178 verbm
896 4127 919 4176 a
936 4102 995 4177 sui
1010 4102 1128 4201 ipsius
1144 4097 1265 4199 patrib
