<?xml version="1.0" encoding="UTF-8"?>
<!DOCTYPE html PUBLIC "-//W3C//DTD XHTML 1.0 Transitional//EN"
    "http://www.w3.org/TR/xhtml1/DTD/xhtml1-transitional.dtd">
<html xmlns="http://www.w3.org/1999/xhtml" xml:lang="en" lang="en">
 <head>
  <title>
</title>
<meta http-equiv="Content-Type" content="text/html;charset=utf-8" />
  <meta name='ocr-system' content='tesseract 3.04.00' />
  <meta name='ocr-capabilities' content='ocr_page ocr_carea ocr_par ocr_line ocrx_word'/>
</head>
<body>
  <div class='ocr_page' id='page_1' title='image "./adsummumponatif00urqugoog_0020.png"; bbox 0 0 2976 4784; ppageno 0'>
   <div class='ocr_carea' id='block_1_1' title="bbox 721 232 768 304">
    <p class='ocr_par' dir='ltr' id='par_1_1' title="bbox 721 232 768 304">
     <span class='ocr_line' id='line_1_1' title="bbox 721 232 768 304; baseline 0.043 -2"><span class='ocrx_word' id='word_1_1' title='bbox 721 232 768 304; x_wconf 82' lang='lat'><strong>11</strong></span> 
     </span>
    </p>
   </div>
   <div class='ocr_carea' id='block_1_2' title="bbox 150 427 1316 4098">
    <p class='ocr_par' dir='ltr' id='par_1_2' title="bbox 220 427 1263 652">
     <span class='ocr_line' id='line_1_2' title="bbox 222 427 1263 527; baseline -0.003 -24"><span class='ocrx_word' id='word_1_2' title='bbox 222 430 321 503; x_wconf 90' lang='lat' dir='ltr'><strong>cium</strong></span> <span class='ocrx_word' id='word_1_3' title='bbox 360 436 507 503; x_wconf 88' lang='lat' dir='ltr'><strong>certum·</strong></span> <span class='ocrx_word' id='word_1_4' title='bbox 543 427 717 527; x_wconf 85' lang='lat' dir='ltr'><strong>effingere</strong></span> <span class='ocrx_word' id='word_1_5' title='bbox 752 429 950 502; x_wconf 87' lang='lat' dir='ltr'><strong>noluerint.</strong></span> <span class='ocrx_word' id='word_1_6' title='bbox 1013 428 1263 504; x_wconf 82' lang='lat' dir='ltr'><strong>Scelestorum</strong></span> 
     </span>
     <span class='ocr_line' id='line_1_3' title="bbox 220 553 916 652; baseline 0.001 -27"><span class='ocrx_word' id='word_1_7' title='bbox 220 555 329 652; x_wconf 72' lang='lat' dir='ltr'><strong>plane</strong></span> <span class='ocrx_word' id='word_1_8' title='bbox 345 554 418 630; x_wconf 89' lang='lat' dir='ltr'><strong>ista</strong></span> <span class='ocrx_word' id='word_1_9' title='bbox 435 553 637 642; x_wconf 78' lang='lat' dir='ltr'>excusatio,</span> <span class='ocrx_word' id='word_1_10' title='bbox 656 562 695 627; x_wconf 90' lang='lat' dir='ltr'><strong>et</strong></span> <span class='ocrx_word' id='word_1_11' title='bbox 713 579 916 628; x_wconf 88' lang='lat' dir='ltr'><strong>servorum.</strong></span> 
     </span>
    </p>

    <p class='ocr_par' dir='ltr' id='par_1_3' title="bbox 219 677 1266 1519">
     <span class='ocr_line' id='line_1_4' title="bbox 270 677 1264 776; baseline 0 -26"><span class='ocrx_word' id='word_1_12' title='bbox 270 677 319 750; x_wconf 94' lang='lat' dir='ltr'><strong>In</strong></span> <span class='ocrx_word' id='word_1_13' title='bbox 344 679 447 752; x_wconf 88' lang='lat' dir='ltr'><strong>omni</strong></span> <span class='ocrx_word' id='word_1_14' title='bbox 471 678 567 751; x_wconf 90' lang='lat' dir='ltr'><strong>bello</strong></span> <span class='ocrx_word' id='word_1_15' title='bbox 597 703 685 776; x_wconf 86' lang='lat' dir='ltr'><strong>pars</strong></span> <span class='ocrx_word' id='word_1_16' title='bbox 714 679 895 751; x_wconf 86' lang='lat' dir='ltr'><strong>alterutra</strong></span> <span class='ocrx_word' id='word_1_17' title='bbox 920 678 961 749; x_wconf 93' lang='lat' dir='ltr'><strong>in</strong></span> <span class='ocrx_word' id='word_1_18' title='bbox 988 677 1086 750; x_wconf 89' lang='lat' dir='ltr'><strong>hanc</strong></span> <span class='ocrx_word' id='word_1_19' title='bbox 1114 677 1264 751; x_wconf 89' lang='lat' dir='ltr'><strong>devenit</strong></span> 
     </span>
     <span class='ocr_line' id='line_1_5' title="bbox 219 802 1265 900; baseline 0 -26"><span class='ocrx_word' id='word_1_20' title='bbox 219 802 502 900; x_wconf 81' lang='lat' dir='ltr'><strong>turpitudinem.</strong></span> <span class='ocrx_word' id='word_1_21' title='bbox 556 803 641 876; x_wconf 93' lang='lat' dir='ltr'><strong>Hoc</strong></span> <span class='ocrx_word' id='word_1_22' title='bbox 660 803 771 875; x_wconf 90' lang='lat' dir='ltr'><strong>modo</strong></span> <span class='ocrx_word' id='word_1_23' title='bbox 797 802 966 898; x_wconf 90' lang='lat' dir='ltr'><strong>peccavit</strong></span> <span class='ocrx_word' id='word_1_24' title='bbox 992 825 1085 899; x_wconf 83' lang='lat' dir='ltr'><strong>gens</strong></span> <span class='ocrx_word' id='word_1_25' title='bbox 1104 803 1164 876; x_wconf 88' lang='lat' dir='ltr'><strong>vel</strong></span> <span class='ocrx_word' id='word_1_26' title='bbox 1189 826 1265 874; x_wconf 90' lang='lat' dir='ltr'><strong>una</strong></span> 
     </span>
     <span class='ocr_line' id='line_1_6' title="bbox 219 926 1263 1023; baseline -0.001 -24"><span class='ocrx_word' id='word_1_27' title='bbox 219 927 279 999; x_wconf 89' lang='lat' dir='ltr'><strong>vel</strong></span> <span class='ocrx_word' id='word_1_28' title='bbox 312 927 442 1013; x_wconf 88' lang='lat' dir='ltr'><strong>altera,</strong></span> <span class='ocrx_word' id='word_1_29' title='bbox 479 927 625 1023; x_wconf 90' lang='lat' dir='ltr'><strong>quoties</strong></span> <span class='ocrx_word' id='word_1_30' title='bbox 660 928 709 999; x_wconf 92' lang='lat' dir='ltr'><strong>ad</strong></span> <span class='ocrx_word' id='word_1_31' title='bbox 747 952 852 998; x_wconf 92' lang='lat' dir='ltr'><strong>arma</strong></span> <span class='ocrx_word' id='word_1_32' title='bbox 893 926 1006 998; x_wconf 89' lang='lat' dir='ltr'><strong>fuerit</strong></span> <span class='ocrx_word' id='word_1_33' title='bbox 1049 927 1263 1000; x_wconf 75' lang='lat' dir='ltr'><strong>deventum.</strong></span> 
     </span>
     <span class='ocr_line' id='line_1_7' title="bbox 222 1049 1266 1148; baseline -0.002 -24"><span class='ocrx_word' id='word_1_34' title='bbox 222 1049 313 1141; x_wconf 84' lang='lat' dir='ltr'><strong>Quae</strong></span> <span class='ocrx_word' id='word_1_35' title='bbox 342 1076 431 1124; x_wconf 87' lang='lat' dir='ltr'><strong>vero</strong></span> <span class='ocrx_word' id='word_1_36' title='bbox 462 1076 554 1147; x_wconf 86' lang='lat' dir='ltr'><strong>gens</strong></span> <span class='ocrx_word' id='word_1_37' title='bbox 584 1059 711 1148; x_wconf 85' lang='lat' dir='ltr'><strong>partes</strong></span> <span class='ocrx_word' id='word_1_38' title='bbox 740 1058 845 1124; x_wconf 90' lang='lat' dir='ltr'><strong>tenet</strong></span> <span class='ocrx_word' id='word_1_39' title='bbox 878 1052 1068 1138; x_wconf 88' lang='lat' dir='ltr'><strong>adversas,</strong></span> <span class='ocrx_word' id='word_1_40' title='bbox 1102 1077 1146 1123; x_wconf 92' lang='lat' dir='ltr'><strong>ea</strong></span> <span class='ocrx_word' id='word_1_41' title='bbox 1176 1052 1266 1122; x_wconf 92' lang='lat' dir='ltr'><strong>dum</strong></span> 
     </span>
     <span class='ocr_line' id='line_1_8' title="bbox 220 1174 1266 1272; baseline -0.005 -22"><span class='ocrx_word' id='word_1_42' title='bbox 220 1175 352 1250; x_wconf 89' lang='lat' dir='ltr'><strong>sceleri</strong></span> <span class='ocrx_word' id='word_1_43' title='bbox 377 1176 530 1262; x_wconf 82' lang='lat' dir='ltr'><strong>resistit,</strong></span> <span class='ocrx_word' id='word_1_44' title='bbox 549 1175 772 1249; x_wconf 75' lang='lat' dir='ltr'><strong>innocentiae</strong></span> <span class='ocrx_word' id='word_1_45' title='bbox 791 1174 903 1247; x_wconf 91' lang='lat' dir='ltr'><strong>simul</strong></span> <span class='ocrx_word' id='word_1_46' title='bbox 920 1183 959 1247; x_wconf 92' lang='lat' dir='ltr'><strong>et</strong></span> <span class='ocrx_word' id='word_1_47' title='bbox 981 1176 1177 1261; x_wconf 90' lang='lat' dir='ltr'><strong>libertatis,</strong></span> <span class='ocrx_word' id='word_1_48' title='bbox 1198 1200 1266 1272; x_wconf 90' lang='lat' dir='ltr'><strong>per</strong></span> 
     </span>
     <span class='ocr_line' id='line_1_9' title="bbox 220 1299 1263 1397; baseline 0 -26"><span class='ocrx_word' id='word_1_49' title='bbox 220 1299 348 1371; x_wconf 87' lang='lat' dir='ltr'><strong>orbem</strong></span> <span class='ocrx_word' id='word_1_50' title='bbox 375 1306 572 1384; x_wconf 84' lang='lat' dir='ltr'><strong>terrarum,</strong></span> <span class='ocrx_word' id='word_1_51' title='bbox 591 1307 673 1371; x_wconf 92' lang='lat' dir='ltr'><strong>tum</strong></span> <span class='ocrx_word' id='word_1_52' title='bbox 700 1299 857 1395; x_wconf 86' lang='lat' dir='ltr'><strong>publicae</strong></span> <span class='ocrx_word' id='word_1_53' title='bbox 883 1306 966 1371; x_wconf 91' lang='lat' dir='ltr'><strong>tum</strong></span> <span class='ocrx_word' id='word_1_54' title='bbox 991 1299 1263 1397; x_wconf 43' lang='lat' dir='ltr'><strong>privatae2pro·</strong></span> 
     </span>
     <span class='ocr_line' id='line_1_10' title="bbox 219 1421 769 1519; baseline 0 -24"><span class='ocrx_word' id='word_1_55' title='bbox 219 1422 356 1495; x_wconf 89' lang='lat' dir='ltr'><strong>tectrix</strong></span> <span class='ocrx_word' id='word_1_56' title='bbox 372 1421 416 1494; x_wconf 91' lang='lat' dir='ltr'><strong>fit</strong></span> <span class='ocrx_word' id='word_1_57' title='bbox 433 1430 472 1495; x_wconf 90' lang='lat' dir='ltr'><strong>et</strong></span> <span class='ocrx_word' id='word_1_58' title='bbox 489 1423 769 1519; x_wconf 83' lang='lat' dir='ltr'><strong>propugnatrix.</strong></span> 
     </span>
    </p>

    <p class='ocr_par' dir='ltr' id='par_1_4' title="bbox 221 1543 1283 2257">
     <span class='ocr_line' id='line_1_11' title="bbox 271 1543 1265 1643; baseline -0.001 -25"><span class='ocrx_word' id='word_1_59' title='bbox 271 1543 445 1618; x_wconf 83' lang='lat' dir='ltr'><strong>Oonditio</strong></span> <span class='ocrx_word' id='word_1_60' title='bbox 482 1547 636 1618; x_wconf 88' lang='lat' dir='ltr'><strong>humani</strong></span> <span class='ocrx_word' id='word_1_61' title='bbox 678 1546 825 1643; x_wconf 86' lang='lat' dir='ltr'><strong>generis</strong></span> <span class='ocrx_word' id='word_1_62' title='bbox 869 1547 1032 1621; x_wconf 85' lang='lat' dir='ltr'><strong>deterior</strong></span> <span class='ocrx_word' id='word_1_63' title='bbox 1074 1568 1265 1642; x_wconf 86' lang='lat' dir='ltr'><strong>nunquam</strong></span> 
     </span>
     <span class='ocr_line' id='line_1_12' title="bbox 221 1665 1265 1765; baseline 0.002 -29"><span class='ocrx_word' id='word_1_64' title='bbox 221 1665 301 1737; x_wconf 90' lang='lat' dir='ltr'><strong>fieri</strong></span> <span class='ocrx_word' id='word_1_65' title='bbox 330 1668 507 1763; x_wconf 87' lang='lat' dir='ltr'><strong>potuerit,</strong></span> <span class='ocrx_word' id='word_1_66' title='bbox 537 1692 648 1764; x_wconf 90' lang='lat' dir='ltr'><strong>quam</strong></span> <span class='ocrx_word' id='word_1_67' title='bbox 676 1669 754 1764; x_wconf 88' lang='lat' dir='ltr'><strong>ejus</strong></span> <span class='ocrx_word' id='word_1_68' title='bbox 788 1676 846 1741; x_wconf 89' lang='lat' dir='ltr'><strong>est</strong></span> <span class='ocrx_word' id='word_1_69' title='bbox 881 1669 1043 1743; x_wconf 86' lang='lat' dir='ltr'><strong>civitatis</strong></span> <span class='ocrx_word' id='word_1_70' title='bbox 1070 1692 1152 1765; x_wconf 84' lang='lat' dir='ltr'><strong>quae</strong></span> <span class='ocrx_word' id='word_1_71' title='bbox 1180 1692 1265 1741; x_wconf 90' lang='lat' dir='ltr'><strong>oum</strong></span> 
     </span>
     <span class='ocr_line' id='line_1_13' title="bbox 221 1788 1264 1888; baseline 0.004 -30"><span class='ocrx_word' id='word_1_72' title='bbox 221 1788 357 1884; x_wconf 84' lang='lat' dir='ltr'><strong>injuria</strong></span> <span class='ocrx_word' id='word_1_73' title='bbox 395 1789 465 1862; x_wconf 89' lang='lat' dir='ltr'><strong>sibi</strong></span> <span class='ocrx_word' id='word_1_74' title='bbox 490 1790 661 1876; x_wconf 88' lang='lat' dir='ltr'><strong>infertur,</strong></span> <span class='ocrx_word' id='word_1_75' title='bbox 689 1791 901 1864; x_wconf 77' lang='lat' dir='ltr'><strong>nullatenus</strong></span> <span class='ocrx_word' id='word_1_76' title='bbox 929 1793 978 1865; x_wconf 86' lang='lat' dir='ltr'><strong>ad</strong></span> <span class='ocrx_word' id='word_1_77' title='bbox 1003 1792 1105 1888; x_wconf 86' lang='lat' dir='ltr'><strong>leges</strong></span> <span class='ocrx_word' id='word_1_78' title='bbox 1131 1815 1264 1888; x_wconf 86' lang='lat' dir='ltr'><strong>provo-</strong></span> 
     </span>
     <span class='ocr_line' id='line_1_14' title="bbox 221 1913 1283 2001; baseline 0 -15"><span class='ocrx_word' id='word_1_79' title='bbox 221 1921 305 1998; x_wconf 90' lang='lat' dir='ltr'><strong>cat;</strong></span> <span class='ocrx_word' id='word_1_80' title='bbox 332 1914 457 1998; x_wconf 91' lang='lat' dir='ltr'><strong>immo,</strong></span> <span class='ocrx_word' id='word_1_81' title='bbox 477 1913 509 1986; x_wconf 89' lang='lat' dir='ltr'><strong>si</strong></span> <span class='ocrx_word' id='word_1_82' title='bbox 536 1939 595 1986; x_wconf 89' lang='lat' dir='ltr'><strong>res</strong></span> <span class='ocrx_word' id='word_1_83' title='bbox 613 1914 667 1985; x_wconf 81' lang='lat' dir='ltr'><strong>ita</strong></span> <span class='ocrx_word' id='word_1_84' title='bbox 685 1937 724 1987; x_wconf 89' lang='lat' dir='ltr'><strong>se</strong></span> <span class='ocrx_word' id='word_1_85' title='bbox 740 1914 907 2001; x_wconf 85' lang='lat' dir='ltr'><strong>haberet,</strong></span> <span class='ocrx_word' id='word_1_86' title='bbox 928 1916 1092 1987; x_wconf 90' lang='lat' dir='ltr'><strong>humana</strong></span> <span class='ocrx_word' id='word_1_87' title='bbox 1109 1914 1283 1987; x_wconf 73' lang='lat' dir='ltr'><strong>societas·</strong></span> 
     </span>
     <span class='ocr_line' id='line_1_15' title="bbox 221 2036 1264 2135; baseline 0.001 -26"><span class='ocrx_word' id='word_1_88' title='bbox 221 2036 342 2110; x_wconf 91' lang='lat' dir='ltr'><strong>omnis</strong></span> <span class='ocrx_word' id='word_1_89' title='bbox 360 2038 406 2109; x_wconf 92' lang='lat' dir='ltr'><strong>de</strong></span> <span class='ocrx_word' id='word_1_90' title='bbox 423 2037 545 2110; x_wconf 91' lang='lat' dir='ltr'><strong>medio</strong></span> <span class='ocrx_word' id='word_1_91' title='bbox 562 2037 644 2109; x_wconf 86' lang='lat' dir='ltr'><strong>tolli</strong></span> <span class='ocrx_word' id='word_1_92' title='bbox 661 2037 860 2111; x_wconf 81' lang='lat' dir='ltr'><strong>rideretur.</strong></span> <span class='ocrx_word' id='word_1_93' title='bbox 901 2039 957 2111; x_wconf 87' lang='lat' dir='ltr'><strong>Eo</strong></span> <span class='ocrx_word' id='word_1_94' title='bbox 975 2063 1093 2135; x_wconf 92' lang='lat' dir='ltr'><strong>usque</strong></span> <span class='ocrx_word' id='word_1_95' title='bbox 1110 2038 1264 2124; x_wconf 89' lang='lat' dir='ltr'><strong>anobis,</strong></span> 
     </span>
     <span class='ocr_line' id='line_1_16' title="bbox 222 2160 909 2257; baseline 0.003 -25"><span class='ocrx_word' id='word_1_96' title='bbox 222 2160 285 2257; x_wconf 91' lang='lat' dir='ltr'><strong>qui</strong></span> <span class='ocrx_word' id='word_1_97' title='bbox 301 2160 412 2234; x_wconf 91' lang='lat' dir='ltr'><strong>hodie</strong></span> <span class='ocrx_word' id='word_1_98' title='bbox 429 2161 600 2247; x_wconf 90' lang='lat' dir='ltr'><strong>vivimus,</strong></span> <span class='ocrx_word' id='word_1_99' title='bbox 620 2169 678 2234; x_wconf 91' lang='lat' dir='ltr'><strong>est</strong></span> <span class='ocrx_word' id='word_1_100' title='bbox 696 2163 909 2235; x_wconf 88' lang='lat' dir='ltr'><strong>deventum.</strong></span> 
     </span>
    </p>

    <p class='ocr_par' dir='ltr' id='par_1_5' title="bbox 150 2284 1316 4098">
     <span class='ocr_line' id='line_1_17' title="bbox 270 2284 1264 2385; baseline 0.002 -29"><span class='ocrx_word' id='word_1_101' title='bbox 270 2284 384 2356; x_wconf 82' lang='lat' dir='ltr'><strong>Nulla</strong></span> <span class='ocrx_word' id='word_1_102' title='bbox 400 2309 493 2381; x_wconf 84' lang='lat' dir='ltr'><strong>gens</strong></span> <span class='ocrx_word' id='word_1_103' title='bbox 512 2285 629 2381; x_wconf 84' lang='lat' dir='ltr'><strong>genti,</strong></span> <span class='ocrx_word' id='word_1_104' title='bbox 647 2286 720 2357; x_wconf 90' lang='lat' dir='ltr'><strong>nisi</strong></span> <span class='ocrx_word' id='word_1_105' title='bbox 744 2294 899 2385; x_wconf 92' lang='lat' dir='ltr'><strong>propter</strong></span> <span class='ocrx_word' id='word_1_106' title='bbox 924 2310 986 2360; x_wconf 89' lang='lat' dir='ltr'><strong>res</strong></span> <span class='ocrx_word' id='word_1_107' title='bbox 1016 2294 1105 2359; x_wconf 87' lang='lat' dir='ltr'><strong>actu</strong></span> <span class='ocrx_word' id='word_1_108' title='bbox 1122 2294 1264 2382; x_wconf 85' lang='lat' dir='ltr'><strong>gestas,</strong></span> 
     </span>
     <span class='ocr_line' id='line_1_18' title="bbox 219 2403 1316 2509; baseline 0.001 -27"><span class='ocrx_word' id='word_1_109' title='bbox 219 2410 357 2483; x_wconf 90' lang='lat' dir='ltr'><strong>bellum</strong></span> <span class='ocrx_word' id='word_1_110' title='bbox 380 2413 465 2506; x_wconf 88' lang='lat' dir='ltr'><strong>jure</strong></span> <span class='ocrx_word' id='word_1_111' title='bbox 494 2419 621 2508; x_wconf 90' lang='lat' dir='ltr'><strong>potest</strong></span> <span class='ocrx_word' id='word_1_112' title='bbox 654 2412 840 2499; x_wconf 84' lang='lat' dir='ltr'><strong>indicere3</strong></span> <span class='ocrx_word' id='word_1_113' title='bbox 879 2413 1013 2509; x_wconf 89' lang='lat' dir='ltr'><strong>quibus</strong></span> <span class='ocrx_word' id='word_1_114' title='bbox 1049 2438 1094 2486; x_wconf 91' lang='lat' dir='ltr'><strong>ex</strong></span> <span class='ocrx_word' id='word_1_115' title='bbox 1120 2411 1266 2484; x_wconf 88' lang='lat' dir='ltr'><strong>actibus</strong></span> <span class='ocrx_word' id='word_1_116' title='bbox 1313 2403 1316 2411; x_wconf 73' lang='grc'><strong>’</strong></span> 
     </span>
     <span class='ocr_line' id='line_1_19' title="bbox 221 2535 1266 2625; baseline 0.001 -18"><span class='ocrx_word' id='word_1_117' title='bbox 221 2535 400 2607; x_wconf 91' lang='lat' dir='ltr'><strong>damnum</strong></span> <span class='ocrx_word' id='word_1_118' title='bbox 418 2536 577 2608; x_wconf 84' lang='lat' dir='ltr'><strong>senserit</strong></span> <span class='ocrx_word' id='word_1_119' title='bbox 595 2561 747 2610; x_wconf 89' lang='lat' dir='ltr'><strong>necesse</strong></span> <span class='ocrx_word' id='word_1_120' title='bbox 765 2545 834 2610; x_wconf 89' lang='lat' dir='ltr'><strong>est.</strong></span> <span class='ocrx_word' id='word_1_121' title='bbox 888 2537 1015 2625; x_wconf 80' lang='lat' dir='ltr'><strong>Seods,</strong></span> <span class='ocrx_word' id='word_1_122' title='bbox 1034 2537 1098 2609; x_wconf 88' lang='lat' dir='ltr'><strong>illa</strong></span> <span class='ocrx_word' id='word_1_123' title='bbox 1115 2560 1266 2609; x_wconf 86' lang='lat' dir='ltr'><strong>causam</strong></span> 
     </span>
     <span class='ocr_line' id='line_1_20' title="bbox 220 2656 1265 2756; baseline 0.004 -28"><span class='ocrx_word' id='word_1_124' title='bbox 220 2656 411 2754; x_wconf 86' lang='lat' dir='ltr'><strong>injudicio</strong></span> <span class='ocrx_word' id='word_1_125' title='bbox 429 2658 617 2732; x_wconf 81' lang='lat' dir='ltr'><strong>intentare</strong></span> <span class='ocrx_word' id='word_1_126' title='bbox 633 2684 710 2733; x_wconf 92' lang='lat' dir='ltr'><strong>non</strong></span> <span class='ocrx_word' id='word_1_127' title='bbox 727 2669 865 2756; x_wconf 90' lang='lat' dir='ltr'><strong>potest.</strong></span> <span class='ocrx_word' id='word_1_128' title='bbox 919 2661 976 2734; x_wconf 92' lang='lat' dir='ltr'><strong>De</strong></span> <span class='ocrx_word' id='word_1_129' title='bbox 994 2661 1095 2733; x_wconf 88' lang='lat' dir='ltr'><strong>hisce</strong></span> <span class='ocrx_word' id='word_1_130' title='bbox 1119 2660 1265 2733; x_wconf 87' lang='lat' dir='ltr'><strong>actibus</strong></span> 
     </span>
     <span class='ocr_line' id='line_1_21' title="bbox 221 2782 1266 2882; baseline 0.001 -28"><span class='ocrx_word' id='word_1_131' title='bbox 221 2806 313 2878; x_wconf 84' lang='lat' dir='ltr'><strong>gens</strong></span> <span class='ocrx_word' id='word_1_132' title='bbox 343 2782 446 2854; x_wconf 88' lang='lat' dir='ltr'><strong>nulla</strong></span> <span class='ocrx_word' id='word_1_133' title='bbox 469 2783 653 2879; x_wconf 88' lang='lat' dir='ltr'><strong>judicium</strong></span> <span class='ocrx_word' id='word_1_134' title='bbox 683 2809 754 2857; x_wconf 90' lang='lat' dir='ltr'><strong>nec</strong></span> <span class='ocrx_word' id='word_1_135' title='bbox 779 2785 875 2858; x_wconf 89' lang='lat' dir='ltr'><strong>ferre</strong></span> <span class='ocrx_word' id='word_1_136' title='bbox 901 2793 1039 2882; x_wconf 88' lang='lat' dir='ltr'><strong>potest,</strong></span> <span class='ocrx_word' id='word_1_137' title='bbox 1069 2809 1138 2858; x_wconf 86' lang='lat' dir='ltr'><strong>neo</strong></span> <span class='ocrx_word' id='word_1_138' title='bbox 1163 2783 1266 2856; x_wconf 90' lang='lat' dir='ltr'><strong>belli-</strong></span> 
     </span>
     <span class='ocr_line' id='line_1_22' title="bbox 221 2907 1267 3004; baseline 0.002 -26"><span class='ocrx_word' id='word_1_139' title='bbox 221 2907 386 3001; x_wconf 86' lang='lat' dir='ltr'><strong>gerando</strong></span> <span class='ocrx_word' id='word_1_140' title='bbox 421 2908 584 3002; x_wconf 85' lang='lat' dir='ltr'><strong>exsequi,</strong></span> <span class='ocrx_word' id='word_1_141' title='bbox 613 2908 686 2980; x_wconf 92' lang='lat' dir='ltr'><strong>nisi</strong></span> <span class='ocrx_word' id='word_1_142' title='bbox 713 2909 886 2982; x_wconf 90' lang='lat' dir='ltr'><strong>omnibus</strong></span> <span class='ocrx_word' id='word_1_143' title='bbox 919 2909 1050 2981; x_wconf 92' lang='lat' dir='ltr'><strong>mediis</strong></span> <span class='ocrx_word' id='word_1_144' title='bbox 1075 2909 1179 3004; x_wconf 74' lang='lat' dir='ltr'><strong>prius</strong></span> <span class='ocrx_word' id='word_1_145' title='bbox 1205 2932 1267 2980; x_wconf 85' lang='lat' dir='ltr'><strong>ex·</strong></span> 
     </span>
     <span class='ocr_line' id='line_1_23' title="bbox 221 3027 1268 3127; baseline 0.003 -28"><span class='ocrx_word' id='word_1_146' title='bbox 221 3027 352 3124; x_wconf 89' lang='lat' dir='ltr'><strong>pertis,</strong></span> <span class='ocrx_word' id='word_1_147' title='bbox 397 3037 582 3124; x_wconf 90' lang='lat' dir='ltr'><strong>quotquot</strong></span> <span class='ocrx_word' id='word_1_148' title='bbox 625 3031 672 3102; x_wconf 87' lang='lat' dir='ltr'><strong>ad</strong></span> <span class='ocrx_word' id='word_1_149' title='bbox 718 3031 905 3127; x_wconf 86' lang='lat' dir='ltr'><strong>justitiam</strong></span> <span class='ocrx_word' id='word_1_150' title='bbox 957 3031 1268 3124; x_wconf 86' lang='lat' dir='ltr'><strong>securitatemque</strong></span> 
     </span>
     <span class='ocr_line' id='line_1_24' title="bbox 222 3150 1270 3248; baseline 0.001 -24"><span class='ocrx_word' id='word_1_151' title='bbox 222 3150 511 3248; x_wconf 88' lang='lat' dir='ltr'><strong>adipiscendam,</strong></span> <span class='ocrx_word' id='word_1_152' title='bbox 530 3152 641 3225; x_wconf 88' lang='lat' dir='ltr'><strong>utiles</strong></span> <span class='ocrx_word' id='word_1_153' title='bbox 667 3153 803 3226; x_wconf 86' lang='lat' dir='ltr'><strong>futurae</strong></span> <span class='ocrx_word' id='word_1_154' title='bbox 826 3154 1046 3239; x_wconf 82' lang='lat' dir='ltr'><strong>videantur3</strong></span> <span class='ocrx_word' id='word_1_155' title='bbox 1075 3161 1119 3226; x_wconf 92' lang='lat' dir='ltr'><strong>ut</strong></span> <span class='ocrx_word' id='word_1_156' title='bbox 1137 3152 1270 3225; x_wconf 86' lang='lat' dir='ltr'><strong>exinde</strong></span> 
     </span>
     <span class='ocr_line' id='line_1_25' title="bbox 222 3274 1270 3374; baseline -0.001 -26"><span class='ocrx_word' id='word_1_157' title='bbox 222 3276 354 3374; x_wconf 89' lang='lat' dir='ltr'><strong>procul</strong></span> <span class='ocrx_word' id='word_1_158' title='bbox 384 3275 496 3348; x_wconf 90' lang='lat' dir='ltr'><strong>dubio</strong></span> <span class='ocrx_word' id='word_1_159' title='bbox 524 3284 684 3363; x_wconf 86' lang='lat' dir='ltr'><strong>constet,</strong></span> <span class='ocrx_word' id='word_1_160' title='bbox 712 3278 863 3373; x_wconf 89' lang='lat' dir='ltr'><strong>aliquod</strong></span> <span class='ocrx_word' id='word_1_161' title='bbox 888 3276 1046 3349; x_wconf 88' lang='lat' dir='ltr'><strong>existere</strong></span> <span class='ocrx_word' id='word_1_162' title='bbox 1072 3274 1270 3372; x_wconf 89' lang='lat' dir='ltr'><strong>imperium</strong></span> 
     </span>
     <span class='ocr_line' id='line_1_26' title="bbox 221 3399 1272 3497; baseline -0.002 -24"><span class='ocrx_word' id='word_1_163' title='bbox 221 3408 395 3497; x_wconf 86' lang='lat' dir='ltr'><strong>paratum</strong></span> <span class='ocrx_word' id='word_1_164' title='bbox 421 3423 498 3471; x_wconf 92' lang='lat' dir='ltr'><strong>non</strong></span> <span class='ocrx_word' id='word_1_165' title='bbox 530 3400 661 3486; x_wconf 75' lang='lat' dir='ltr'><strong>solum,</strong></span> <span class='ocrx_word' id='word_1_166' title='bbox 690 3402 757 3474; x_wconf 91' lang='lat' dir='ltr'><strong>sed</strong></span> <span class='ocrx_word' id='word_1_167' title='bbox 786 3409 825 3474; x_wconf 93' lang='lat' dir='ltr'><strong>et</strong></span> <span class='ocrx_word' id='word_1_168' title='bbox 855 3399 1097 3485; x_wconf 89' lang='lat' dir='ltr'><strong>obstinatum,</strong></span> <span class='ocrx_word' id='word_1_169' title='bbox 1118 3399 1272 3471; x_wconf 86' lang='lat' dir='ltr'><strong>humani</strong></span> 
     </span>
     <span class='ocr_line' id='line_1_27' title="bbox 221 3521 1272 3620; baseline -0.004 -23"><span class='ocrx_word' id='word_1_170' title='bbox 221 3524 369 3620; x_wconf 84' lang='lat' dir='ltr'><strong>generis</strong></span> <span class='ocrx_word' id='word_1_171' title='bbox 398 3523 559 3620; x_wconf 87' lang='lat' dir='ltr'><strong>quietem</strong></span> <span class='ocrx_word' id='word_1_172' title='bbox 586 3525 817 3619; x_wconf 89' lang='lat' dir='ltr'><strong>perturbare.</strong></span> <span class='ocrx_word' id='word_1_173' title='bbox 870 3524 983 3596; x_wconf 90' lang='lat' dir='ltr'><strong>Hunc</strong></span> <span class='ocrx_word' id='word_1_174' title='bbox 1013 3524 1166 3595; x_wconf 90' lang='lat' dir='ltr'><strong>modum</strong></span> <span class='ocrx_word' id='word_1_175' title='bbox 1193 3521 1272 3595; x_wconf 89' lang='lat' dir='ltr'><strong>Lex</strong></span> 
     </span>
     <span class='ocr_line' id='line_1_28' title="bbox 222 3645 1270 3747; baseline -0.004 -25"><span class='ocrx_word' id='word_1_176' title='bbox 222 3648 442 3747; x_wconf 82' lang='lat' dir='ltr'><strong>praescribit,</strong></span> <span class='ocrx_word' id='word_1_177' title='bbox 458 3672 614 3744; x_wconf 89' lang='lat' dir='ltr'><strong>eamque</strong></span> <span class='ocrx_word' id='word_1_178' title='bbox 631 3648 736 3744; x_wconf 90' lang='lat' dir='ltr'><strong>sequi</strong></span> <span class='ocrx_word' id='word_1_179' title='bbox 754 3649 876 3735; x_wconf 89' lang='lat' dir='ltr'><strong>debet,</strong></span> <span class='ocrx_word' id='word_1_180' title='bbox 889 3647 1007 3721; x_wconf 89' lang='lat' dir='ltr'><strong>etiam.</strong></span> <span class='ocrx_word' id='word_1_181' title='bbox 1015 3654 1163 3720; x_wconf 86' lang='lat' dir='ltr'><strong>tacente</strong></span> <span class='ocrx_word' id='word_1_182' title='bbox 1175 3645 1270 3742; x_wconf 86' lang='lat' dir='ltr'><strong>lege,</strong></span> 
     </span>
     <span class='ocr_line' id='line_1_29' title="bbox 150 3769 1272 3870; baseline -0.006 -22"><span class='ocrx_word' id='word_1_183' title='bbox 150 3769 152 3774; x_wconf 63' lang='grc'>’</span> <span class='ocrx_word' id='word_1_184' title='bbox 222 3798 316 3870; x_wconf 85' lang='lat' dir='ltr'><strong>gens</strong></span> <span class='ocrx_word' id='word_1_185' title='bbox 340 3773 472 3861; x_wconf 90' lang='lat' dir='ltr'><strong>omnis,</strong></span> <span class='ocrx_word' id='word_1_186' title='bbox 506 3773 565 3847; x_wconf 92' lang='lat' dir='ltr'><strong>cui</strong></span> <span class='ocrx_word' id='word_1_187' title='bbox 591 3773 800 3847; x_wconf 89' lang='lat' dir='ltr'><strong>honestatis</strong></span> <span class='ocrx_word' id='word_1_188' title='bbox 827 3798 965 3846; x_wconf 91' lang='lat' dir='ltr'><strong>nomen</strong></span> <span class='ocrx_word' id='word_1_189' title='bbox 993 3780 1052 3845; x_wconf 92' lang='lat' dir='ltr'><strong>est</strong></span> <span class='ocrx_word' id='word_1_190' title='bbox 1079 3769 1183 3845; x_wconf 88' lang='lat' dir='ltr'><strong>cordi</strong></span> <span class='ocrx_word' id='word_1_191' title='bbox 1211 3769 1272 3842; x_wconf 87' lang='lat' dir='ltr'><strong>vel</strong></span> 
     </span>
     <span class='ocr_line' id='line_1_30' title="bbox 224 3893 1272 3997; baseline -0.005 -26"><span class='ocrx_word' id='word_1_192' title='bbox 224 3899 428 3997; x_wconf 87' lang='lat' dir='ltr'><strong>sapientiae.</strong></span> <span class='ocrx_word' id='word_1_193' title='bbox 481 3898 605 3995; x_wconf 88' lang='lat' dir='ltr'><strong>Hujus</strong></span> <span class='ocrx_word' id='word_1_194' title='bbox 622 3906 666 3970; x_wconf 86' lang='lat' dir='ltr'><strong>ut</strong></span> <span class='ocrx_word' id='word_1_195' title='bbox 692 3899 876 3971; x_wconf 86' lang='lat' dir='ltr'><strong>rationem</strong></span> <span class='ocrx_word' id='word_1_196' title='bbox 899 3896 1063 3969; x_wconf 88' lang='lat' dir='ltr'><strong>habeant</strong></span> <span class='ocrx_word' id='word_1_197' title='bbox 1080 3893 1272 3990; x_wconf 88' lang='lat' dir='ltr'><strong>Principes</strong></span> 
     </span>
     <span class='ocr_line' id='line_1_31' title="bbox 223 4021 1274 4098; baseline -0.008 -2"><span class='ocrx_word' id='word_1_198' title='bbox 223 4022 385 4097; x_wconf 87' lang='lat' dir='ltr'><strong>viderint</strong></span> <span class='ocrx_word' id='word_1_199' title='bbox 402 4023 524 4098; x_wconf 88' lang='lat' dir='ltr'><strong>cives:</strong></span> <span class='ocrx_word' id='word_1_200' title='bbox 543 4047 590 4097; x_wconf 88' lang='lat' dir='ltr'><strong>ex</strong></span> <span class='ocrx_word' id='word_1_201' title='bbox 601 4023 674 4098; x_wconf 92' lang='lat' dir='ltr'><strong>hoc</strong></span> <span class='ocrx_word' id='word_1_202' title='bbox 687 4022 893 4098; x_wconf 89' lang='lat' dir='ltr'><strong>domestica</strong></span> <span class='ocrx_word' id='word_1_203' title='bbox 904 4021 1058 4095; x_wconf 88' lang='lat' dir='ltr'><strong>libertas</strong></span> <span class='ocrx_word' id='word_1_204' title='bbox 1072 4025 1111 4093; x_wconf 88' lang='lat' dir='ltr'><strong>et</strong></span> <span class='ocrx_word' id='word_1_205' title='bbox 1124 4023 1274 4090; x_wconf 88' lang='lat' dir='ltr'><strong>constat</strong></span> 
     </span>
    </p>
   </div>
   <div class='ocr_carea' id='block_1_3' title="bbox 0 0 1499 4784">
    <p class='ocr_par' dir='ltr' id='par_1_6' title="bbox 0 0 1499 4784">
     <span class='ocr_line' id='line_1_32' title="bbox 0 0 1499 4784; baseline 0 0"><span class='ocrx_word' id='word_1_206' title='bbox 0 0 1499 4784; x_wconf 95' lang='lat' dir='ltr'><strong> </strong></span> 
     </span>
    </p>
   </div>
  </div>
 </body>
</html>
