2976 4784
694 307 740 376 93

201 529 306 579 suam
331 505 465 602 recipit
496 504 793 602 explicationem,
825 527 892 576 our
913 502 1004 576 adeb
1034 527 1139 600 vagae
1167 504 1243 576 sint

198 630 476 716 instructiones,
488 629 528 701 in
542 655 585 703 eo
598 628 700 702 omni
712 629 813 724 quod
825 634 971 725 spectat
985 629 1033 700 ad
1043 628 1243 701 relationes

198 764 368 842 mutuas,
380 755 586 828 Ecclesiam
604 754 702 826 inter
720 760 758 826 et
774 752 959 825 Politiam.

248 879 363 950 Aliud
380 878 492 951 etiam
509 884 628 951 restat
646 878 745 973 quod
770 901 876 949 suam
903 876 1087 973 acciperet
1105 877 1242 950 enoda·

199 1001 352 1075 tionem.
414 1001 551 1074 Russia
570 1000 777 1075 Concilium
792 1000 1035 1074 vehementer
1057 1002 1245 1074 detestata

201 1133 271 1212 est,
301 1133 340 1198 et
374 1126 515 1198 absona
541 1126 661 1198 multa
696 1125 766 1199 sibi
791 1125 997 1199 vindicavit
1009 1151 1019 1211 ;
1047 1150 1168 1221 neque
1186 1132 1244 1198 est

10 1347 13 1354 Ι
140 1305 144 1312 ,
201 1276 268 1324 cur
301 1251 398 1324 hanc
440 1252 575 1349 agendi
612 1251 796 1326 rationem
830 1259 952 1324 ortam
986 1252 1164 1325 ducamus
1200 1276 1246 1324 ex

200 1375 323 1471 aliquo
340 1376 486 1461 timore,
505 1401 553 1449 ne
572 1374 667 1449 forte
686 1373 894 1448 Concilium
905 1375 1096 1472 Europam
1113 1375 1244 1448 liberet

200 1525 223 1572 a
246 1501 455 1573 Russorum
481 1500 645 1585 ditione;
686 1500 726 1570 id
751 1501 852 1596 quod
878 1501 991 1572 etiam
1018 1501 1137 1596 magis
1165 1525 1243 1574 cre·

203 1623 337 1707 dimus,
361 1622 458 1718 quia,
485 1630 640 1718 propter
667 1645 856 1695 sermones
882 1647 904 1694 a
925 1622 1058 1695 Russis
1083 1622 1243 1706 habitos,

203 1743 386 1817 Catholici
410 1744 588 1841 plerique,
619 1744 795 1840 quioquid
817 1752 907 1841 agat
923 1745 1109 1831 Pontifex,
1128 1745 1245 1843 pluris

203 1892 313 1963 quam
331 1875 442 1940 antea
459 1866 636 1940 fecerunt.
689 1868 743 1940 At
769 1891 845 1939 non
871 1875 929 1940 est
954 1891 1021 1940 cur
1047 1869 1161 1941 verba
1177 1869 1244 1940 mi·

202 2016 328 2063 remur
350 1987 639 2076 vehementiora,
665 2014 734 2064 nec
764 1991 979 2062 eorumdem
1006 1999 1247 2088 apparentem

202 2114 395 2200 incuriam,
414 2114 525 2186 modb
542 2114 717 2186 Russiam
744 2114 926 2210 suspicari
943 2114 1138 2187 credamus
1155 2115 1247 2189 inibi

202 2239 362 2336 proponi
378 2246 422 2310 ut
439 2238 561 2312 omnis
579 2239 735 2311 tollatur
751 2239 914 2311 influxus
932 2246 1184 2313 externorum.

252 2363 306 2434 At
322 2362 362 2435 id
380 2363 542 2435 secundo
570 2361 718 2435 tantum
743 2364 825 2436 loco
848 2350 1063 2460 ponendum
1091 2364 1246 2438 arbitra-

202 2512 298 2574 mur,
318 2487 416 2583 qubd
445 2511 514 2584 per
547 2485 628 2559 haeo
662 2486 856 2583 privilegia
885 2486 1076 2584 prohiberi
1105 2496 1245 2584 potest,

201 2636 249 2684 ne
283 2612 364 2708 quis
406 2611 446 2682 in
479 2610 702 2684 Pontificem
740 2609 912 2707 eligatur,
946 2611 1011 2707 qui
1050 2610 1247 2686 Cathedrae

202 2733 380 2807 Romanae
424 2758 530 2806 suam
578 2758 726 2808 servare
772 2735 1030 2808 autonomiam
1073 2737 1245 2809 voluerit.

203 2857 443 2943 Jamdudum,
474 2858 514 2932 ni
545 2856 719 2943 fallimur,
740 2857 989 2930 constitutum
1017 2865 1076 2929 est
1097 2859 1248 2953 quinam

204 2978 254 3051 sit
271 2979 472 3074 eligendus.
509 2978 641 3074 Neque
654 2979 740 3051 verb
759 3004 805 3050 ex
823 2978 1013 3051 Gallorum
1027 2980 1248 3053 auctoritate
1350 3052 1351 3055 ,

204 3127 323 3198 neque
353 3103 580 3173 Austrorum
614 3100 792 3199 pendebit
818 3101 962 3187 electio,
991 3126 1068 3174 non
1095 3127 1141 3174 ex
1169 3103 1247 3176 Cis·

204 3225 336 3323 alpinis
379 3249 448 3298 nec
490 3225 768 3322 Ultra-alpinis,
808 3251 885 3299 non
928 3251 974 3298 ex
1013 3227 1249 3322 proclivitate
1361 3331 1364 3334 ἡ

202 3348 403 3423 liberaliori
427 3349 486 3421 vel
513 3348 750 3434 restrictiori,
776 3357 816 3421 at
840 3347 959 3422 soldm
982 3374 1028 3421 ex
1049 3351 1250 3447 Temporol‘

203 3473 372 3548 Dominio
391 3473 431 3545 in
454 3480 581 3546 tutum
606 3474 793 3571 ponendo.
847 3472 1021 3547 Dominio
1040 3474 1250 3574 Temporali

204 3598 306 3672 favet
339 3597 510 3670 Numano
522 3623 541 3683 ;¹
571 3596 787 3671 Cardinales
825 3597 963 3671 favent.
1017 3598 1077 3670 Illi
1108 3601 1251 3674 dabunt
1280 3593 1284 3600 ’

204 3746 313 3796 voces
335 3744 421 3794 suas
440 3719 669 3808 Cardinales,
689 3722 750 3795 cui
766 3722 961 3795 Naronae:
989 3722 1042 3794 illi
1067 3723 1248 3812 Naronae,

206 3845 266 3919 oui
282 3845 430 3918 Russia.
484 3845 564 3920 Nec
591 3847 718 3920 obstat
744 3846 844 3943 quod
869 3848 1012 3919 nullum
1030 3846 1165 3920 Russia
1185 3848 1249 3921 ha„

206 3971 295 4042 beat
311 3968 442 4067 Romae
460 3968 658 4067 Legatum,
679 3971 745 4044 sed
770 3995 840 4044 nec
866 3971 948 4068 ipsc
975 3971 1164 4044 electionis
1191 3972 1250 4045 die

206 4091 365 4165 fortasse
377 4092 426 4167 sit
442 4092 625 4190 habitura.
681 4094 815 4182 Imm0,
830 4093 987 4168 forsitan
1003 4094 1094 4166 illud
1111 4093 1251 4180 utiliter
