2976 4784
722 290 768 363 51

220 492 344 566 nullus
381 491 621 581 operturus,
650 494 774 568 nullus
800 494 865 570 Vt
885 497 1043 595 denique
1065 498 1266 587 invenitur,

222 617 332 692 modb
369 618 529 717 excipias
577 642 654 707 eos,
702 619 734 693 si
778 621 842 716 qui
882 621 977 696 forte
1025 623 1267 720 protestando

221 729 455 815 denuntient.

271 865 425 965 Proprie
453 867 602 959 demirm
632 893 675 942 ac
704 868 796 942 bend
825 868 896 943 Jus
919 868 1098 944 Gentium
1124 893 1268 943 nuncu·

220 997 333 1087 patur
345 1016 356 1078 ;
386 990 472 1087 quia
505 1017 572 1090 per
599 1017 638 1066 se
669 989 788 1067 solum
818 993 864 1066 de
894 993 1103 1068 actionibus
1127 1001 1270 1068 tractet

221 1117 435 1213 aggregatis
460 1118 650 1191 variarum
675 1115 866 1206 Gentium,
894 1126 933 1192 et
964 1143 1033 1193 sua
1061 1120 1107 1193 de
1137 1119 1270 1193 iisdem

220 1237 294 1313 fert
321 1240 473 1336 judicia.
527 1242 615 1316 Non
643 1242 743 1315 aliud
773 1249 832 1316 est
859 1267 903 1316 ac
933 1240 1004 1316 Jus
1034 1240 1162 1330 Civile,
1187 1250 1269 1334 tum

221 1364 321 1460 quod
351 1364 398 1438 ed
428 1366 587 1462 publica,
618 1374 701 1440 tum
728 1368 829 1463 quod
858 1368 907 1440 ed
933 1368 1092 1465 privata,
1122 1374 1268 1465 spectat

215 1487 367 1583 judicia,
389 1489 428 1560 in
447 1489 628 1586 quantum
653 1490 727 1564 toti
754 1489 1024 1565 Communitati
1051 1499 1178 1590 potest
1204 1516 1268 1590 ap·

221 1611 361 1706 plicari.
414 1613 554 1711 Accipe
578 1615 658 1710 jam
685 1614 939 1689 definitionem
966 1640 1078 1712 quam
1106 1615 1152 1688 de
1176 1614 1268 1688 Jure

223 1731 399 1808 Gentium
425 1737 582 1831 protulit
602 1738 893 1833 jurisconsultus
919 1715 1028 1812 inter¹
1042 1739 1187 1834 Anglos
1211 1738 1267 1810 in·

223 1857 362 1956 signis:
393 1866 416 1898 ‘⁶
430 1858 518 1932 Tele
546 1865 604 1932 est
631 1860 759 1956 utique
786 1861 857 1933 Jus
886 1859 1268 1946 Gentium,''—verba

224 1990 313 2055 sunt
355 1981 657 2056 Mansfieldii-“
675 1983 746 2057 Jus
801 1984 989 2080 quoddam
1034 1984 1266 2071 Universale,
1299 2009 1302 2014 ¹

224 2107 324 2204 quod
350 2107 481 2180 nullibi
511 2133 554 2182 ac
580 2108 620 2179 in
643 2105 781 2204 Anglii
809 2107 922 2181 latius
948 2107 1121 2205 patebit:
1162 2107 1267 2203 cujus

221 2231 330 2328 vigor
346 2257 414 2329 per
427 2230 548 2330 Leges
559 2231 746 2330 Antiquae
759 2231 907 2329 Angliae
925 2232 1155 2329 agnoscitur,
1168 2232 1268 2327 quod

221 2356 365 2453 inipso
392 2356 484 2431 Jure
511 2366 643 2431 nostro
677 2355 785 2431 Civili
815 2382 925 2430 suum
956 2356 1102 2430 obtinet
1129 2357 1264 2429 locum.

221 2480 330 2577 Lepos
356 2507 380 2554 o
405 2481 654 2555 Posrliameuto
682 2481 765 2554 lutoe
789 2487 967 2577 nequeunt
993 2480 1055 2554 boc
1081 2479 1148 2554 Jue
1176 2478 1267 2553 Geo-

222 2607 312 2681 tium
327 2607 521 2680 immutare
536 2635 551 2690 ;
570 2631 690 2704 neque
708 2632 754 2681 ex
771 2605 986 2703 hujusmodi
1003 2605 1167 2702 Legibus
1179 2628 1266 2701 cog-

220 2730 389 2803 noscitur
403 2729 530 2827 ipsum
546 2728 630 2815 lue,
654 2752 725 2800 nec
744 2729 878 2801 modus
911 2751 984 2824 quo
1005 2727 1091 2801 lites
1110 2726 1267 2800 subinde

223 2861 363 2926 exortae
394 2852 518 2925 dirimi
553 2859 726 2949 possunt,
760 2853 827 2925 sed
865 2876 911 2924 ex
939 2852 1170 2925 diversarum
1196 2875 1268 2924 usu

223 2974 412 3062 Gentium,
439 2983 478 3049 et
508 3000 553 3048 ex
584 2975 816 3072 Scriptorum
847 2976 1082 3048 auctoritate.
1138 2974 1269 3047 Potuit

223 3099 371 3196 quidem
397 3097 478 3171 fieri
500 3098 704 3172 identidem
730 3105 775 3169 ut
804 3123 827 3170 e
856 3097 997 3170 nostris
1025 3097 1170 3194 legibus
1197 3096 1269 3170 Jus

223 3222 401 3299 Gentium
418 3222 680 3297 confirmatum
697 3222 757 3308 sit,
771 3222 831 3295 vel
852 3228 1003 3295 servatu
1019 3219 1164 3294 facilius
1181 3220 1265 3293 red·

222 3350 359 3436 datur3
388 3372 470 3445 quae
498 3347 646 3444 quidem
668 3346 789 3444 Leges
813 3371 889 3419 non
906 3369 1047 3419 novum
1064 3345 1135 3418 Jus
1152 3344 1268 3418 intro·

222 3473 373 3547 duxisse
399 3481 610 3558 censentur,
639 3473 705 3546 sed
731 3470 857 3569 potius
885 3468 1093 3543 declartsse
1117 3493 1161 3542 ee
1186 3492 1270 3567 quae

217 3598 296 3695 jam
314 3598 361 3671 ab
379 3596 532 3693 antiquo
553 3595 694 3669 fuerint
718 3595 759 3667 in
784 3594 918 3692 Regno
934 3602 1067 3667 nostro
1084 3592 1271 3667 libertatis

221 3723 475 3796 fundamenta.
515 3720 637 3793 Nullis
656 3718 814 3817 denique
830 3717 1014 3793 Gentibus
1030 3718 1146 3791 tribui
1159 3717 1271 3791 debet

222 3847 306 3921 leus
338 3844 583 3920 humanitatis
618 3846 718 3943 opud
752 3867 844 3941 ques
878 3844 905 3918 J
906 3868 950 3918 us
980 3842 1159 3919 Gentium
1192 3865 1270 3915 non

224 3971 275 4044 sit
291 3972 332 4044 in
347 3971 529 4069 honore.”

274 4095 431 4184 Deinde,
461 4095 607 4173 fortiori
642 4096 804 4194 quodem
838 4101 961 4193 pacto,
993 4093 1065 4166 Jus
1092 4087 1269 4166 Gentium
