2976 4784
726 307 773 380 78

223 530 294 603 que
312 507 434 579 cibum
450 503 717 601 materiamque
741 504 946 602 reperiunt.
998 503 1045 577 Id
1062 506 1162 601 quod
1178 529 1267 602 pro·

222 631 330 727 ponit
370 630 523 705 sennes
565 629 748 702 Pourssux
790 627 979 702 Gubernia
1020 631 1184 725 percutit
1227 639 1268 704 et

223 754 449 838 sodalitates,
467 752 683 824 Ministrum
701 752 822 836 simul,
837 760 876 824 et
892 752 1030 824 infimae
1048 753 1172 849 Caput
1189 753 1266 826 fac·

221 877 347 962 tionis,
366 877 536 972 ampliori
560 876 747 948 inhiantes
774 875 1015 948 auctoritati:
1044 876 1265 972 quinetiam

170 1029 176 1037 ·
222 1025 352 1072 omues
379 1001 512 1097 quibus
540 1000 644 1073 cordi
673 1007 763 1072 sunt
792 1023 852 1072 res
883 1023 1002 1085 novae,
1032 1025 1265 1097 quaecunque

222 1122 372 1195 demirm
388 1123 459 1195 illae
477 1123 574 1209 sint3
601 1147 665 1195 eos
680 1123 848 1218 denique,
863 1147 940 1194 non
951 1123 1060 1217 parvi
1072 1123 1264 1218 1101116111,

222 1246 286 1343 qui
318 1247 358 1318 in
388 1246 485 1319 foliis
511 1245 670 1343 publicis
707 1247 853 1319 novella
881 1245 1091 1333 venditant,
1123 1247 1265 1320 scelera

221 1370 393 1443 videlicet
411 1378 449 1443 et
467 1370 680 1442 seditiones,

272 1493 457 1566 Beneficia
488 1493 575 1564 hinc
608 1493 816 1565 obventura
854 1500 999 1565 remota
1039 1491 1189 1588 quidem
1225 1501 1264 1565 et

222 1618 380 1691 obscura
395 1617 513 1690 videri
529 1625 689 1712 possunt
709 1615 854 1712 ingenti
879 1615 933 1686 illi
956 1614 1152 1686 hominum
1168 1615 1265 1686 mul·

221 1741 385 1826 titudini,
424 1740 523 1814 bont
564 1741 631 1813 sed
673 1739 779 1836 segni
819 1739 943 1812 indole
985 1739 1164 1836 praeditae,
1201 1739 1266 1835 qui

221 1889 382 1938 messem
412 1866 550 1937 debent
579 1866 782 1937 dimetere:
821 1863 904 1936 istis
939 1870 1077 1949 autem,
1108 1887 1264 1937 numero

221 1988 465 2086 paucissimis,
486 1989 549 2085 qui
575 1996 718 2061 ceteros
744 1996 907 2073 movent,
934 1995 1086 2061 versant
1110 1995 1267 2082 regunt-

222 2138 304 2209 que,
324 2115 502 2186 damnum
527 2113 655 2208 utique
680 2111 919 2184 manifestum
944 2111 1132 2184 videbitur
1149 2119 1188 2183 61
1204 2111 1265 2182 in·

224 2243 340 2310 stans.
376 2236 448 2308 Isti
460 2237 569 2333 plane
582 2235 808 2333 perspicient
825 2234 866 2305 in
879 2234 981 2306 omni
1000 2241 1138 2305 conatu
1151 2233 1264 2331 Legis

220 2361 474 2445 restituendae,
495 2383 601 2431 suam
618 2360 785 2456 ipsorum
802 2367 921 2430 artem
937 2358 1152 2455 periclitari.

273 2482 593 2555 Communitatum
617 2506 692 2578 pax
717 2490 756 2554 et
774 2481 1023 2567 incolumitas
1042 2505 1189 2554 necnon
1208 2482 1265 2553 11-

221 2607 392 2679 tellectus
415 2605 647 2700 singulorum
672 2613 710 2675 61
735 2603 903 2700 probitas
928 2628 1080 2700 pessum
1098 2606 1189 2678 data
1205 2612 1265 2676 est

220 2754 288 2826 per
304 2729 401 2800 hanc
414 2727 520 2824 quasi
530 2727 743 2824 judicialem
754 2727 981 2801 caecitatem:
1008 2728 1119 2801 hodie
1132 2752 1264 2823 nempe

220 2878 413 2950 nunquam
441 2852 630 2947 cogitatur
647 2853 692 2925 de
709 2853 829 2948 poenis
849 2853 1039 2925 sumendis
1061 2853 1108 2924 de
1131 2852 1177 2924 iis
1201 2852 1265 2948 qui

220 2977 482 3050 Ministrorum
511 2976 727 3049 muneribus
747 2977 787 3047 in
812 2976 1016 3073 Republica
1041 2975 1262 3071 firnguntur.

221 3101 389 3193 Quidni?
415 3101 575 3173 militum
591 3100 722 3173 lacerti
739 3101 774 3173 ei
791 3102 1007 3174 deserviunt
1019 3101 1082 3196 qui
1099 3101 1138 3171 in
1152 3101 1264 3172 rebus

219 3226 380 3323 politicis
399 3225 593 3299 consilium
610 3225 763 3320 praebet.
799 3225 885 3298 Hoc
903 3226 1045 3299 scilicet
1057 3225 1136 3320 jam
1154 3222 1265 3294 militi

219 3349 425 3446 imponitur
436 3349 598 3422 officium
610 3356 655 3421 ut
670 3349 839 3422 homines
853 3372 1094 3445 quoscunque
1099 3347 1261 3443 jugulet,

221 3475 348 3546 statim
365 3482 517 3569 accepto
534 3472 794 3555 Ministrorum
820 3473 1017 3545 mandato:
1046 3495 1131 3544 cum
1149 3492 1189 3540 se
1207 3492 1264 3539 sa-

220 3605 410 3669 cramento
435 3597 676 3692 obstrinxerit
701 3595 983 3693 obtemperandi
1008 3593 1049 3664 in
1076 3593 1122 3663 iis
1142 3597 1166 3630 “
1181 3612 1263 3685 quae

219 3720 317 3793 licite
341 3718 587 3816 jubeantur‚''
616 3721 728 3795 etiam
752 3721 792 3791 11
817 3718 955 3790 illicitis
980 3715 1117 3788 obedit.
1172 3711 1263 3800 Quae

112 3898 115 3903 -
220 3869 305 3917 cum
321 3844 376 3915 ita
393 3852 531 3931 essent,
551 3843 692 3941 sperari
717 3841 887 3938 equidem
906 3844 1035 3935 posset
1052 3844 1095 3907 ut
1113 3834 1263 3931 speciali

220 3966 378 4063 quedam
413 3968 612 4042 severitate
648 3964 921 4037 trutinarentur
955 3968 1061 4034 ectus
1096 3957 1263 4032 Ministri

219 4092 372 4189 politici,
400 4093 455 4169 ita
487 4100 531 4165 ut
561 4091 606 4163 de
639 4089 750 4162 rebus
784 4085 901 4183 gestis
932 4085 1064 4158 saltem
1098 4084 1127 4156 ii
1154 4080 1262 4181 plene
